{"bids": [[7472.32, 0.25430832], [7470.08, 0.44181986], [7470.02, 0.29440859], [7469.06, 0.3], [7468.31, 1.0]], "asks": [[7476.91, 0.142], [7477.29, 2.0], [7477.69, 0.745], [7477.76, 0.25866998], [7477.8, 2.22090993]], "ts": 1575475465512}
{"bids": [[7472.32, 0.25430832], [7470.08, 0.44181986], [7470.02, 0.29440859], [7469.06, 0.3], [7468.31, 1.0]], "asks": [[7476.9, 0.3], [7476.91, 0.142], [7477.29, 2.0], [7477.69, 0.745], [7477.76, 0.25866998]], "ts": 1575475465523}
{"bids": [[7472.32, 0.25430832], [7470.58, 0.9828], [7470.08, 0.44181986], [7470.02, 0.29440859], [7469.06, 0.3]], "asks": [[7476.9, 0.3], [7476.91, 0.142], [7477.29, 2.0], [7477.69, 0.745], [7477.76, 0.25866998]], "ts": 1575475465528}
{"bids": [[7472.32, 0.25430832], [7470.58, 0.9828], [7470.08, 0.44181986], [7470.02, 0.29440859], [7469.06, 0.3]], "asks": [[7476.9, 0.3], [7476.91, 0.142], [7477.29, 2.0], [7477.69, 0.745], [7477.76, 0.25866998]], "ts": 1575475465535}
{"bids": [[7472.32, 0.25430832], [7470.58, 0.9828], [7470.08, 0.44181986], [7470.02, 0.29440859]], "asks": [[7476.9, 0.3], [7476.91, 0.142], [7477.29, 2.0], [7477.69, 0.745], [7477.76, 0.25866998]], "ts": 1575475465545}
{"bids": [[7472.32, 0.25430832], [7470.58, 0.9828], [7470.08, 0.44181986], [7470.02, 0.29440859], [7468.19, 0.3]], "asks": [[7476.9, 0.3], [7476.91, 0.142], [7477.29, 2.0], [7477.69, 0.745], [7477.76, 0.25866998]], "ts": 1575475465550}
{"bids": [[7472.32, 0.25430832], [7470.58, 0.9828], [7470.08, 0.44181986], [7470.02, 0.29440859], [7468.19, 0.3]], "asks": [[7476.9, 0.3], [7476.91, 0.142], [7477.29, 2.0], [7477.69, 0.745], [7477.76, 0.25866998]], "ts": 1575475465557}
{"bids": [[7472.32, 0.25430832], [7470.58, 0.9828], [7470.08, 0.44181986], [7470.02, 0.29440859], [7468.19, 0.3]], "asks": [[7476.81, 0.126], [7476.9, 0.3], [7476.91, 0.142], [7477.29, 2.0], [7477.69, 0.745]], "ts": 1575475465565}
{"bids": [[7472.32, 0.25430832], [7470.58, 0.9828], [7470.08, 0.44181986], [7470.02, 0.29440859], [7468.19, 0.3]], "asks": [[7476.8, 0.3], [7476.81, 0.126], [7476.9, 0.3], [7476.91, 0.142], [7477.29, 2.0]], "ts": 1575475465578}
{"bids": [[7472.32, 0.25430832], [7470.08, 0.44181986], [7470.02, 0.29440859], [7468.19, 0.3]], "asks": [[7476.8, 0.3], [7476.81, 0.126], [7476.9, 0.3], [7476.91, 0.142], [7477.29, 2.0]], "ts": 1575475465587}
{"bids": [[7472.32, 0.25430832], [7470.08, 0.44181986], [7470.02, 0.29440859], [7468.19, 0.3]], "asks": [[7476.8, 0.3], [7476.81, 0.126], [7476.9, 0.3], [7476.91, 0.142], [7477.29, 2.0]], "ts": 1575475465601}
{"bids": [[7472.32, 0.25430832], [7470.08, 0.44181986], [7470.02, 0.29440859], [7469.21, 0.9958], [7468.19, 0.3]], "asks": [[7476.8, 0.3], [7476.81, 0.126], [7476.9, 0.3], [7476.91, 0.142], [7477.29, 2.0]], "ts": 1575475465614}
{"bids": [[7472.32, 0.25430832], [7470.08, 0.44181986], [7470.02, 0.29440859], [7469.21, 0.9958], [7468.19, 0.3]], "asks": [[7476.8, 0.3], [7476.81, 0.126], [7476.9, 0.3], [7476.91, 0.142], [7477.29, 2.0]], "ts": 1575475465623}
{"bids": [[7472.32, 0.25430832], [7470.08, 0.44181986], [7470.02, 0.29440859], [7469.21, 0.9958], [7468.19, 0.3]], "asks": [[7476.8, 0.3], [7476.81, 0.126], [7476.9, 0.3], [7476.91, 0.142], [7477.29, 2.0]], "ts": 1575475465638}
{"bids": [[7472.32, 0.25430832], [7470.08, 0.44181986], [7470.02, 0.29440859], [7469.21, 0.9958], [7468.19, 0.3]], "asks": [[7476.8, 0.3], [7476.81, 0.126], [7476.9, 0.3], [7476.91, 0.142], [7477.29, 2.0]], "ts": 1575475465652}
{"bids": [[7472.32, 0.25430832], [7470.08, 0.44181986], [7470.02, 0.29440859], [7469.21, 0.9958], [7468.19, 0.3]], "asks": [[7476.8, 0.3], [7476.81, 0.126], [7476.9, 0.3], [7476.91, 0.142], [7477.29, 2.0]], "ts": 1575475465660}
{"bids": [[7472.32, 0.25430832], [7470.08, 0.44181986], [7470.02, 0.29440859], [7469.21, 0.9958], [7468.19, 0.3]], "asks": [[7476.79, 0.9985], [7476.8, 0.3], [7476.81, 0.126], [7476.9, 0.3], [7476.91, 0.142]], "ts": 1575475465675}
{"bids": [[7472.32, 0.25430832], [7470.08, 0.44181986], [7470.02, 0.29440859], [7469.21, 0.9958], [7468.19, 0.3]], "asks": [[7476.78, 2.0], [7476.79, 0.9985], [7476.8, 0.3], [7476.81, 0.126], [7476.9, 0.3]], "ts": 1575475465683}
{"bids": [[7472.32, 0.25430832], [7470.08, 0.44181986], [7470.02, 0.29440859], [7469.21, 0.9958], [7468.19, 0.3]], "asks": [[7476.77, 0.21134518], [7476.78, 2.0], [7476.79, 0.9985], [7476.8, 0.3], [7476.81, 0.126]], "ts": 1575475465697}
{"bids": [[7472.32, 0.25430832], [7470.08, 0.44181986], [7470.02, 0.29440859], [7469.21, 0.9958], [7468.19, 0.3]], "asks": [[7476.77, 0.21134518], [7476.78, 2.0], [7476.79, 0.9985], [7476.8, 0.3], [7476.81, 0.126]], "ts": 1575475465708}
{"bids": [[7472.32, 0.25430832], [7470.08, 0.44181986], [7470.02, 0.29440859], [7469.21, 0.9958], [7468.19, 0.3]], "asks": [[7476.77, 0.21134518], [7476.78, 2.0], [7476.79, 0.9985], [7476.8, 0.3], [7476.81, 0.126]], "ts": 1575475465719}
{"bids": [[7472.32, 0.25430832], [7470.08, 0.44181986], [7470.02, 0.29440859], [7469.21, 0.9958], [7468.19, 0.3]], "asks": [[7476.77, 0.51134518], [7476.78, 2.0], [7476.79, 0.9985], [7476.8, 0.3], [7476.81, 0.126]], "ts": 1575475465733}
{"bids": [[7472.32, 0.25430832], [7470.08, 0.44181986], [7470.02, 0.29440859], [7469.21, 0.9958], [7468.19, 0.3]], "asks": [[7476.76, 2.0], [7476.77, 0.51134518], [7476.78, 2.0], [7476.79, 0.9985], [7476.8, 0.3]], "ts": 1575475465740}
{"bids": [[7472.32, 0.25430832], [7470.08, 0.44181986], [7470.02, 0.29440859], [7469.21, 0.9958], [7468.19, 0.3]], "asks": [[7476.76, 2.0], [7476.77, 0.21134518], [7476.78, 2.0], [7476.79, 0.9985], [7476.8, 0.3]], "ts": 1575475465755}
{"bids": [[7472.32, 0.25430832], [7470.08, 0.44181986], [7470.02, 0.29440859], [7469.21, 0.9958], [7468.19, 0.3]], "asks": [[7476.76, 2.0], [7476.77, 0.21134518], [7476.78, 2.0], [7476.79, 0.9985], [7476.8, 0.3]], "ts": 1575475465766}
{"bids": [[7472.32, 0.25430832], [7470.08, 0.44181986], [7470.02, 0.29440859], [7469.21, 0.9958], [7468.19, 0.3]], "asks": [[7476.76, 2.0], [7476.77, 0.21134518], [7476.78, 2.0], [7476.79, 0.9985], [7476.8, 0.3]], "ts": 1575475465777}
{"bids": [[7472.32, 0.25430832], [7470.08, 0.44181986], [7470.02, 0.29440859], [7469.21, 0.9958], [7468.19, 0.3]], "asks": [[7476.75, 0.3], [7476.76, 2.0], [7476.77, 0.21134518], [7476.78, 2.0], [7476.79, 0.9985]], "ts": 1575475465791}
{"bids": [[7472.32, 0.25430832], [7470.08, 0.44181986], [7470.02, 0.29440859], [7469.21, 0.9958], [7468.19, 0.3]], "asks": [[7476.75, 0.3], [7476.76, 2.0], [7476.77, 0.21134518], [7476.78, 2.0], [7476.79, 0.9985]], "ts": 1575475465799}
{"bids": [[7472.32, 0.25430832], [7470.08, 0.44181986], [7470.02, 0.29440859], [7469.21, 0.9958], [7468.19, 0.3]], "asks": [[7476.75, 0.3], [7476.76, 2.0], [7476.77, 0.21134518], [7476.78, 2.0], [7476.79, 0.9985]], "ts": 1575475465814}
{"bids": [[7472.32, 0.25430832], [7470.08, 0.44181986], [7470.02, 0.29440859], [7469.21, 0.9958], [7468.19, 0.3]], "asks": [[7476.75, 0.3], [7476.76, 2.0], [7476.77, 0.21134518], [7476.78, 2.0], [7476.79, 0.9985]], "ts": 1575475465821}
{"bids": [[7472.32, 0.25430832], [7470.08, 0.44181986], [7470.02, 0.29440859], [7469.21, 0.9958], [7468.19, 0.3]], "asks": [[7476.62, 0.1], [7476.75, 0.3], [7476.76, 2.0], [7476.77, 0.21134518], [7476.78, 2.0]], "ts": 1575475465834}
{"bids": [[7472.32, 8e-05], [7470.08, 0.44181986], [7470.02, 0.29440859], [7469.21, 0.9958], [7468.19, 0.3]], "asks": [[7476.62, 0.1], [7476.75, 0.3], [7476.76, 2.0], [7476.77, 0.21134518], [7476.78, 2.0]], "ts": 1575475465843}
{"bids": [[7472.32, 8e-05], [7470.08, 0.44181986], [7470.02, 0.29440859], [7469.21, 0.9958], [7468.19, 0.3]], "asks": [[7476.61, 0.3], [7476.62, 0.1], [7476.75, 0.3], [7476.76, 2.0], [7476.77, 0.21134518]], "ts": 1575475465857}
{"bids": [[7470.08, 0.44181986], [7470.02, 0.29440859], [7469.21, 0.9958], [7468.19, 0.3]], "asks": [[7476.61, 0.3], [7476.62, 0.1], [7476.75, 0.3], [7476.76, 2.0], [7476.77, 0.21134518]], "ts": 1575475465865}
{"bids": [[7470.08, 0.44189986], [7470.02, 0.29440859], [7469.21, 0.9958], [7468.19, 0.3]], "asks": [[7476.61, 0.3], [7476.62, 0.1], [7476.75, 0.3], [7476.76, 2.0], [7476.77, 0.21134518]], "ts": 1575475465879}
{"bids": [[7470.08, 0.44189986], [7470.02, 0.29440859], [7469.21, 0.9958], [7468.19, 0.3]], "asks": [[7476.61, 0.3], [7476.62, 0.1], [7476.75, 0.3], [7476.76, 2.0], [7476.77, 0.21134518]], "ts": 1575475465893}
{"bids": [[7470.08, 0.44189986], [7470.02, 0.29440859], [7469.21, 0.9958], [7468.19, 0.3]], "asks": [[7476.61, 0.3], [7476.62, 0.1], [7476.75, 0.3], [7476.76, 2.0], [7476.77, 0.21134518]], "ts": 1575475465901}
{"bids": [[7470.08, 0.44189986], [7470.02, 0.29440859], [7469.21, 0.9958], [7468.19, 0.3], [7454.0, 0.192]], "asks": [[7476.61, 0.3], [7476.62, 0.1], [7476.75, 0.3], [7476.76, 2.0], [7476.77, 0.21134518]], "ts": 1575475465916}
{"bids": [[7470.08, 0.44189986], [7470.02, 0.29440859], [7469.21, 0.9958], [7468.19, 0.3], [7454.0, 0.192]], "asks": [[7476.61, 0.3], [7476.62, 0.1], [7476.75, 0.3], [7476.76, 2.0], [7476.77, 0.21134518]], "ts": 1575475465923}
{"bids": [[7470.08, 0.44189986], [7470.02, 0.29440859], [7469.21, 0.9958], [7468.19, 0.3], [7454.0, 0.192]], "asks": [[7476.61, 0.3], [7476.62, 0.1], [7476.72, 0.22131361], [7476.75, 0.3], [7476.76, 2.0]], "ts": 1575475465938}
{"bids": [[7470.08, 0.44189986], [7470.02, 0.29440859], [7469.21, 0.9958], [7468.19, 0.3], [7454.0, 0.192]], "asks": [[7476.6, 2.0], [7476.61, 0.3], [7476.62, 0.1], [7476.72, 0.22131361], [7476.75, 0.3]], "ts": 1575475465945}
{"bids": [[7470.08, 0.44189986], [7470.02, 0.29440859], [7469.21, 0.9958], [7468.19, 0.3], [7454.0, 0.192]], "asks": [[7476.59, 0.3], [7476.6, 2.0], [7476.61, 0.3], [7476.62, 0.1], [7476.72, 0.22131361]], "ts": 1575475465960}
{"bids": [[7470.08, 0.44189986], [7470.02, 0.29440859], [7469.21, 0.9958], [7468.19, 0.3], [7454.0, 0.192]], "asks": [[7476.45, 0.293], [7476.59, 0.3], [7476.6, 2.0], [7476.61, 0.3], [7476.62, 0.1]], "ts": 1575475465975}
{"bids": [[7470.08, 0.44189986], [7470.02, 0.29440859], [7469.21, 0.9958], [7468.19, 0.3], [7454.0, 0.192]], "asks": [[7476.45, 0.293], [7476.59, 0.3], [7476.6, 2.0], [7476.61, 0.3], [7476.62, 0.1]], "ts": 1575475465982}
{"bids": [[7470.08, 0.44189986], [7470.02, 0.29440859], [7469.21, 0.9958], [7468.19, 0.3], [7454.0, 0.192]], "asks": [[7476.44, 2.0], [7476.45, 0.293], [7476.59, 0.3], [7476.6, 2.0], [7476.61, 0.3]], "ts": 1575475465997}
{"bids": [[7470.08, 0.22098993], [7470.02, 0.29440859], [7469.21, 0.9958], [7468.19, 0.3], [7454.0, 0.192]], "asks": [[7476.44, 2.0], [7476.45, 0.293], [7476.59, 0.3], [7476.6, 2.0], [7476.61, 0.3]], "ts": 1575475466011}
{"bids": [[7470.08, 0.22098993], [7470.02, 0.29440859], [7469.21, 0.9958], [7468.2, 0.19588692], [7468.19, 0.3]], "asks": [[7476.44, 2.0], [7476.45, 0.293], [7476.59, 0.3], [7476.6, 2.0], [7476.61, 0.3]], "ts": 1575475466018}
{"bids": [[7470.08, 0.22098993], [7470.02, 0.29440859], [7469.21, 0.9958], [7468.2, 0.19588692], [7468.19, 0.3]], "asks": [[7476.43, 0.3], [7476.44, 2.0], [7476.45, 0.293], [7476.59, 0.3], [7476.6, 2.0]], "ts": 1575475466036}
{"bids": [[7470.08, 0.22098993], [7470.02, 0.29440859], [7469.21, 0.9958], [7468.2, 0.19588692], [7468.19, 0.3]], "asks": [[7476.26, 0.9746], [7476.43, 0.3], [7476.44, 2.0], [7476.45, 0.293], [7476.59, 0.3]], "ts": 1575475466048}
{"bids": [[7470.08, 0.22098993], [7470.02, 0.29440859], [7469.21, 0.9958], [7468.2, 0.19588692], [7468.19, 0.3]], "asks": [[7476.25, 2.0], [7476.26, 0.9746], [7476.43, 0.3], [7476.44, 2.0], [7476.45, 0.293]], "ts": 1575475466062}
{"bids": [[7470.08, 0.22098993], [7470.02, 0.29440859], [7469.21, 0.9958], [7468.2, 0.19588692], [7468.19, 0.3]], "asks": [[7476.25, 2.0], [7476.26, 0.9746], [7476.43, 0.3], [7476.44, 2.0], [7476.45, 0.293]], "ts": 1575475466076}
{"bids": [[7470.08, 0.22098993], [7470.02, 0.29440859], [7469.21, 0.9958], [7468.2, 0.19588692], [7468.19, 0.3]], "asks": [[7476.24, 0.3], [7476.25, 2.0], [7476.26, 0.9746], [7476.43, 0.3], [7476.44, 2.0]], "ts": 1575475466090}
{"bids": [[7470.08, 0.22098993], [7470.02, 0.29440859], [7469.21, 0.9958], [7468.2, 0.19588692], [7468.19, 0.3]], "asks": [[7476.24, 0.3], [7476.25, 2.0], [7476.26, 0.9746], [7476.36, 0.307], [7476.43, 0.3]], "ts": 1575475466105}
{"bids": [[7470.08, 0.22098993], [7470.02, 0.29440859], [7469.21, 0.9958], [7468.2, 0.19588692], [7468.19, 0.3]], "asks": [[7476.24, 0.3], [7476.25, 2.0], [7476.26, 0.9746], [7476.36, 0.307], [7476.43, 0.3]], "ts": 1575475466120}
{"bids": [[7470.08, 0.22098993], [7470.02, 0.29440859], [7469.21, 0.9958], [7468.2, 0.19588692], [7468.19, 0.3]], "asks": [[7476.11, 0.093], [7476.24, 0.3], [7476.25, 2.0], [7476.26, 0.9746], [7476.36, 0.307]], "ts": 1575475466134}
{"bids": [[7470.08, 0.22098993], [7470.02, 0.29440859], [7469.21, 0.9958], [7468.2, 0.19588692], [7468.19, 0.3]], "asks": [[7476.1, 0.3], [7476.11, 0.093], [7476.24, 0.3], [7476.25, 2.0], [7476.26, 0.9746]], "ts": 1575475466143}
{"bids": [[7470.08, 0.22098993], [7470.02, 0.29440859], [7469.21, 0.9958], [7468.2, 0.19588692], [7468.19, 0.3]], "asks": [[7476.1, 0.3], [7476.11, 0.093], [7476.24, 0.3], [7476.25, 2.0], [7476.26, 0.9746]], "ts": 1575475466157}
{"bids": [[7470.08, 0.22098993], [7470.02, 0.29440859], [7469.21, 0.9958], [7468.2, 0.19588692], [7468.19, 0.3]], "asks": [[7476.1, 0.3], [7476.11, 0.093], [7476.24, 0.3], [7476.25, 2.0], [7476.26, 0.9746]], "ts": 1575475466172}
{"bids": [[7470.08, 0.22098993], [7470.02, 0.29440859], [7469.21, 0.9958], [7468.2, 0.19588692]], "asks": [[7476.1, 0.3], [7476.11, 0.093], [7476.24, 0.3], [7476.25, 2.0], [7476.26, 0.9746]], "ts": 1575475466179}
{"bids": [[7470.08, 0.22098993], [7469.21, 0.9958], [7468.2, 0.19588692]], "asks": [[7476.1, 0.3], [7476.11, 0.093], [7476.24, 0.3], [7476.25, 2.0], [7476.26, 0.9746]], "ts": 1575475466194}
{"bids": [[7470.08, 0.22098993], [7469.21, 0.9958], [7468.2, 0.19588692], [7463.49, 0.21274014]], "asks": [[7476.1, 0.3], [7476.11, 0.093], [7476.24, 0.3], [7476.25, 2.0], [7476.26, 0.9746]], "ts": 1575475466201}
{"bids": [[7470.08, 0.22098993], [7469.21, 0.9958], [7468.2, 0.19588692], [7467.4, 0.3], [7463.49, 0.21274014]], "asks": [[7476.1, 0.3], [7476.11, 0.093], [7476.24, 0.3], [7476.25, 2.0], [7476.26, 0.9746]], "ts": 1575475466216}
{"bids": [[7470.08, 0.22098993], [7469.21, 0.9958], [7468.2, 0.19588692], [7467.4, 0.3], [7463.49, 0.21274014]], "asks": [[7476.1, 0.3], [7476.11, 0.093], [7476.24, 0.3], [7476.25, 2.0], [7476.26, 0.9746]], "ts": 1575475466223}
{"bids": [[7470.08, 0.22098993], [7469.21, 0.9958], [7468.2, 0.19588692], [7467.4, 0.3], [7463.49, 0.21274014]], "asks": [[7475.75, 0.9887], [7476.1, 0.3], [7476.11, 0.093], [7476.24, 0.3], [7476.25, 2.0]], "ts": 1575475466238}
{"bids": [[7470.08, 0.22098993], [7469.21, 0.9958], [7468.2, 0.19588692], [7467.4, 0.3], [7463.49, 0.21274014]], "asks": [[7475.74, 2.0], [7475.75, 0.9887], [7476.1, 0.3], [7476.11, 0.093], [7476.24, 0.3]], "ts": 1575475466244}
{"bids": [[7470.08, 0.22098993], [7469.21, 0.9958], [7468.2, 0.19588692], [7467.4, 0.3], [7463.49, 0.21274014]], "asks": [[7475.73, 0.3], [7475.74, 2.0], [7475.75, 0.9887], [7476.1, 0.3], [7476.11, 0.093]], "ts": 1575475466263}
{"bids": [[7470.08, 0.22098993], [7469.21, 0.9958], [7468.2, 0.19588692], [7467.4, 0.3], [7463.49, 0.21274014]], "asks": [[7475.73, 0.3], [7475.74, 2.0], [7475.75, 0.9887], [7476.1, 0.3], [7476.11, 0.093]], "ts": 1575475466267}
{"bids": [[7470.08, 0.22098993], [7469.21, 0.9958], [7468.2, 0.19588692], [7467.4, 0.3], [7463.49, 0.21274014]], "asks": [[7475.73, 0.3], [7475.74, 2.0], [7475.75, 0.9887], [7476.1, 0.3], [7476.11, 0.093]], "ts": 1575475466273}
{"bids": [[7470.08, 0.22098993], [7469.21, 0.9958], [7468.2, 0.19588692], [7467.4, 0.3], [7463.49, 0.21274014]], "asks": [[7475.73, 0.3], [7475.74, 2.0], [7475.75, 0.9887], [7476.1, 0.3], [7476.11, 0.093]], "ts": 1575475466289}
{"bids": [[7470.08, 0.22098993], [7469.21, 0.9958], [7468.2, 0.19588692], [7467.4, 0.3], [7463.49, 0.21274014]], "asks": [[7475.61, 0.135], [7475.73, 0.3], [7475.74, 2.0], [7475.75, 0.9887], [7476.1, 0.3]], "ts": 1575475466300}
{"bids": [[7470.08, 0.22098993], [7469.21, 0.9958], [7468.2, 0.19588692], [7467.4, 0.3], [7463.49, 0.21274014]], "asks": [[7475.6, 0.19588692], [7475.61, 0.135], [7475.73, 0.3], [7475.74, 2.0], [7475.75, 0.9887]], "ts": 1575475466311}
{"bids": [[7470.08, 0.22098993], [7469.21, 0.9958], [7468.2, 0.19588692], [7467.4, 0.3], [7463.49, 0.21274014]], "asks": [[7475.59, 0.3], [7475.6, 0.19588692], [7475.61, 0.135], [7475.73, 0.3], [7475.74, 2.0]], "ts": 1575475466325}
{"bids": [[7470.08, 0.22098993], [7469.21, 0.9958], [7468.2, 0.19588692], [7467.4, 0.3], [7463.49, 0.21274014]], "asks": [[7475.58, 2.0], [7475.59, 0.3], [7475.6, 0.19588692], [7475.61, 0.135], [7475.73, 0.3]], "ts": 1575475466337}
{"bids": [[7470.08, 0.22098993], [7469.21, 0.9958], [7468.2, 0.19588692], [7467.4, 0.3], [7463.49, 0.21274014]], "asks": [[7475.57, 0.3], [7475.58, 2.0], [7475.59, 0.3], [7475.6, 0.19588692], [7475.61, 0.135]], "ts": 1575475466347}
{"bids": [[7470.11, 0.20764108], [7470.08, 0.22098993], [7469.21, 0.9958], [7468.2, 0.19588692], [7467.4, 0.3]], "asks": [[7475.57, 0.3], [7475.58, 2.0], [7475.59, 0.3], [7475.6, 0.19588692], [7475.61, 0.135]], "ts": 1575475466362}
{"bids": [[7470.11, 0.20764108], [7470.08, 0.22090993], [7469.21, 0.9958], [7468.2, 0.19588692], [7467.4, 0.3]], "asks": [[7475.57, 0.3], [7475.58, 2.0], [7475.59, 0.3], [7475.6, 0.19588692], [7475.61, 0.135]], "ts": 1575475466373}
{"bids": [[7470.11, 0.20772108], [7470.08, 0.22090993], [7469.21, 0.9958], [7468.2, 0.19588692], [7467.4, 0.3]], "asks": [[7475.57, 0.3], [7475.58, 2.0], [7475.59, 0.3], [7475.6, 0.19588692], [7475.61, 0.135]], "ts": 1575475466384}
{"bids": [[7470.11, 0.20772108], [7470.08, 0.22090993], [7469.21, 0.9958], [7468.2, 0.19588692], [7467.4, 0.3]], "asks": [[7475.57, 0.3], [7475.58, 2.0], [7475.59, 0.3], [7475.6, 0.19588692], [7475.61, 0.135]], "ts": 1575475466397}
{"bids": [[7470.11, 0.20772108], [7470.08, 0.22090993], [7469.21, 0.9958], [7468.2, 0.19588692], [7467.4, 0.3]], "asks": [[7475.57, 0.3], [7475.58, 2.0], [7475.59, 0.3], [7475.6, 0.19588692], [7475.61, 0.135]], "ts": 1575475466406}
{"bids": [[7470.11, 0.20772108], [7470.08, 0.22090993], [7469.21, 0.9958], [7468.2, 0.19588692], [7467.4, 0.3]], "asks": [[7475.57, 0.3], [7475.58, 2.0], [7475.59, 0.3], [7475.6, 0.19588692], [7475.61, 0.135]], "ts": 1575475466420}
{"bids": [[7470.11, 0.20772108], [7470.08, 0.22090993], [7469.21, 0.9958], [7468.2, 0.19588692], [7467.4, 0.3]], "asks": [[7475.08, 0.9985], [7475.57, 0.3], [7475.58, 2.0], [7475.59, 0.3], [7475.6, 0.19588692]], "ts": 1575475466435}
{"bids": [[7470.11, 0.20772108], [7470.08, 0.22090993], [7469.21, 0.9958], [7468.2, 0.19588692], [7467.4, 0.3]], "asks": [[7475.07, 2.0], [7475.08, 0.9985], [7475.57, 0.3], [7475.58, 2.0], [7475.59, 0.3]], "ts": 1575475466444}
{"bids": [[7470.11, 0.20772108], [7470.08, 0.22090993], [7469.21, 0.9958], [7468.2, 0.19588692], [7467.4, 0.3]], "asks": [[7475.06, 0.3], [7475.07, 2.0], [7475.08, 0.9985], [7475.57, 0.3], [7475.58, 2.0]], "ts": 1575475466459}
{"bids": [[7470.11, 0.20772108], [7470.08, 0.22090993], [7469.21, 0.9958], [7468.2, 0.19588692], [7467.4, 0.3]], "asks": [[7475.0, 0.093], [7475.06, 0.3], [7475.07, 2.0], [7475.08, 0.9985], [7475.57, 0.3]], "ts": 1575475466472}
{"bids": [[7470.11, 0.20772108], [7470.08, 0.22090993], [7469.21, 0.9958], [7468.2, 0.19588692], [7467.4, 0.3]], "asks": [[7474.99, 0.3], [7475.0, 0.093], [7475.06, 0.3], [7475.07, 2.0], [7475.08, 0.9985]], "ts": 1575475466485}
{"bids": [[7470.11, 0.20772108], [7470.08, 0.22090993], [7469.21, 0.9958], [7468.2, 0.19588692], [7467.4, 0.3]], "asks": [[7474.85, 0.106], [7474.99, 0.3], [7475.0, 0.093], [7475.06, 0.3], [7475.07, 2.0]], "ts": 1575475466497}
{"bids": [[7470.11, 0.20772108], [7470.08, 0.22090993], [7469.21, 0.9958], [7468.2, 0.19588692], [7467.4, 0.3]], "asks": [[7474.84, 0.3], [7474.85, 0.106], [7474.99, 0.3], [7475.0, 0.093], [7475.06, 0.3]], "ts": 1575475466509}
{"bids": [[7470.11, 0.20772108], [7470.08, 0.22090993], [7469.21, 0.9958], [7468.2, 0.19588692], [7467.4, 0.3]], "asks": [[7474.84, 0.3], [7474.85, 0.106], [7474.99, 0.3], [7475.0, 0.093], [7475.06, 0.3]], "ts": 1575475466523}
{"bids": [[7470.11, 0.20772108], [7470.08, 0.22090993], [7469.21, 0.9958], [7468.2, 0.19588692], [7467.4, 0.3]], "asks": [[7474.84, 0.3], [7474.85, 0.106], [7474.99, 0.9866], [7475.0, 0.093], [7475.06, 0.3]], "ts": 1575475466536}
{"bids": [[7470.11, 0.20772108], [7470.08, 0.22090993], [7469.21, 0.9958], [7468.2, 0.19588692], [7467.4, 0.3]], "asks": [[7474.83, 2.0], [7474.84, 0.3], [7474.85, 0.106], [7474.99, 0.9866], [7475.0, 0.093]], "ts": 1575475466548}
{"bids": [[7470.11, 0.20772108], [7470.08, 0.22090993], [7469.21, 0.9958], [7468.2, 0.19588692], [7467.4, 0.3]], "asks": [[7474.82, 0.3], [7474.83, 2.0], [7474.84, 0.3], [7474.85, 0.106], [7474.99, 0.9866]], "ts": 1575475466562}
{"bids": [[7470.11, 0.20772108], [7470.08, 0.22090993], [7469.21, 0.9958], [7468.2, 0.19588692], [7467.4, 0.3]], "asks": [[7474.82, 0.3], [7474.83, 2.0], [7474.84, 0.3], [7474.85, 0.106], [7474.99, 0.9866]], "ts": 1575475466576}
{"bids": [[7470.11, 0.20772108], [7470.08, 0.22090993], [7469.21, 0.9958], [7468.2, 0.19588692]], "asks": [[7474.82, 0.3], [7474.83, 2.0], [7474.84, 0.3], [7474.85, 0.106], [7474.99, 0.9866]], "ts": 1575475466588}
{"bids": [[7470.11, 0.20772108], [7470.08, 0.22090993], [7469.21, 0.9958], [7468.2, 0.19588692], [7466.49, 0.3]], "asks": [[7474.82, 0.3], [7474.83, 2.0], [7474.84, 0.3], [7474.85, 0.106], [7474.99, 0.9866]], "ts": 1575475466601}
{"bids": [[7470.11, 0.20772108], [7470.08, 0.22090993], [7469.21, 0.9958], [7468.2, 0.19588692], [7466.49, 0.3]], "asks": [[7474.82, 0.3], [7474.83, 2.0], [7474.84, 0.3], [7474.85, 0.106], [7474.99, 0.9866]], "ts": 1575475466634}
{"bids": [[7470.11, 0.20772108], [7470.08, 0.22090993], [7469.21, 0.9958], [7468.2, 0.19588692], [7466.49, 0.3]], "asks": [[7474.82, 0.3], [7474.83, 2.0], [7474.84, 0.3], [7474.85, 0.106], [7474.99, 0.9866]], "ts": 1575475466647}
{"bids": [[7470.11, 0.20772108], [7470.08, 0.22090993], [7469.21, 0.9958], [7468.2, 0.19588692]], "asks": [[7474.82, 0.3], [7474.83, 2.0], [7474.84, 0.3], [7474.85, 0.106], [7474.99, 0.9866]], "ts": 1575475466660}
{"bids": [[7470.11, 0.20772108], [7470.08, 0.22090993], [7469.21, 0.9958], [7468.2, 0.19588692], [7460.41, 6.0]], "asks": [[7474.82, 0.3], [7474.83, 2.0], [7474.84, 0.3], [7474.85, 0.106], [7474.99, 0.9866]], "ts": 1575475466671}
{"bids": [[7470.11, 0.20772108], [7470.08, 0.22090993], [7469.21, 0.9958], [7468.2, 0.19588692], [7465.75, 0.3]], "asks": [[7474.82, 0.3], [7474.83, 2.0], [7474.84, 0.3], [7474.85, 0.106], [7474.99, 0.9866]], "ts": 1575475466683}
{"bids": [[7470.11, 0.20772108], [7470.08, 0.22090993], [7469.21, 0.9958], [7468.2, 0.19588692], [7465.75, 0.3]], "asks": [[7474.82, 0.3], [7474.83, 2.0], [7474.84, 0.3], [7474.85, 0.106], [7474.99, 0.9866]], "ts": 1575475466705}
{"bids": [[7470.11, 0.20772108], [7470.08, 0.22090993], [7469.21, 0.9958], [7468.2, 0.19588692], [7465.75, 0.3]], "asks": [[7474.73, 0.096], [7474.82, 0.3], [7474.83, 2.0], [7474.84, 0.3], [7474.85, 0.106]], "ts": 1575475466826}
{"bids": [[7470.11, 0.20772108], [7470.08, 0.22090993], [7469.21, 0.9958], [7468.2, 0.19588692], [7465.75, 0.3]], "asks": [[7474.72, 0.3], [7474.73, 0.096], [7474.82, 0.3], [7474.83, 2.0], [7474.84, 0.3]], "ts": 1575475466845}
{"bids": [[7470.11, 0.20772108], [7470.08, 0.22090993], [7469.21, 0.9958], [7468.2, 0.19588692], [7465.75, 0.3]], "asks": [[7474.71, 0.3], [7474.72, 0.3], [7474.73, 0.096], [7474.82, 0.3], [7474.83, 2.0]], "ts": 1575475466859}
{"bids": [[7470.11, 0.20772108], [7470.08, 0.22090993], [7469.21, 0.9958], [7468.2, 0.19588692], [7465.75, 0.3]], "asks": [[7474.71, 0.3], [7474.72, 0.3], [7474.73, 0.096], [7474.82, 0.3], [7474.83, 2.0]], "ts": 1575475466874}
{"bids": [[7470.11, 0.20772108], [7470.08, 0.22090993], [7469.21, 0.9958], [7468.2, 0.19588692], [7465.75, 0.3]], "asks": [[7474.71, 0.3], [7474.72, 0.3], [7474.73, 0.096], [7474.82, 0.3], [7474.83, 2.0]], "ts": 1575475466881}
{"bids": [[7470.11, 0.20772108], [7470.08, 0.22090993], [7469.21, 0.9958], [7468.2, 0.19588692], [7465.75, 0.3]], "asks": [[7474.71, 0.3], [7474.72, 0.3], [7474.73, 0.096], [7474.82, 0.3], [7474.83, 2.9832]], "ts": 1575475466941}
{"bids": [[7470.11, 0.20772108], [7470.08, 0.22090993], [7469.21, 0.9958], [7468.2, 0.19588692], [7465.75, 0.3]], "asks": [[7474.63, 0.146], [7474.71, 0.3], [7474.72, 0.3], [7474.73, 0.096], [7474.82, 0.3]], "ts": 1575475467232}
{"bids": [[7470.11, 0.20772108], [7470.08, 0.22090993], [7469.21, 0.9958], [7468.2, 0.19588692], [7465.75, 0.3]], "asks": [[7474.62, 0.3], [7474.63, 0.146], [7474.71, 0.3], [7474.72, 0.3], [7474.73, 0.096]], "ts": 1575475467247}
{"bids": [[7470.11, 0.20772108], [7470.08, 0.22090993], [7469.21, 0.9958], [7468.2, 0.19588692], [7465.75, 0.3]], "asks": [[7474.62, 0.3], [7474.63, 0.146], [7474.71, 0.3], [7474.72, 0.3], [7474.73, 0.096]], "ts": 1575475467543}
{"bids": [[7470.11, 0.20772108], [7470.08, 0.22090993], [7469.21, 0.9958], [7468.2, 0.19588692], [7465.75, 0.3]], "asks": [[7474.62, 0.3], [7474.63, 0.146], [7474.71, 0.3], [7474.72, 0.3], [7474.73, 0.096]], "ts": 1575475467558}
{"bids": [[7470.11, 0.20772108], [7470.08, 0.22090993], [7468.2, 0.19588692], [7465.75, 0.3]], "asks": [[7474.62, 0.3], [7474.63, 0.146], [7474.71, 0.3], [7474.72, 0.3], [7474.73, 0.096]], "ts": 1575475467568}
{"bids": [[7470.11, 0.20772108], [7468.2, 0.19588692], [7465.75, 0.3]], "asks": [[7474.62, 0.3], [7474.63, 0.146], [7474.71, 0.3], [7474.72, 0.3], [7474.73, 0.096]], "ts": 1575475467583}
{"bids": [[7470.11, 0.20772108], [7468.21, 0.17117443], [7468.2, 0.19588692], [7465.75, 0.3]], "asks": [[7474.62, 0.3], [7474.63, 0.146], [7474.71, 0.3], [7474.72, 0.3], [7474.73, 0.096]], "ts": 1575475467597}
{"bids": [[7470.11, 0.20772108], [7468.21, 0.17117443], [7468.2, 0.19588692], [7465.75, 0.3]], "asks": [[7474.62, 0.3], [7474.63, 0.146], [7474.71, 0.3], [7474.72, 0.3], [7474.73, 0.096]], "ts": 1575475467610}
{"bids": [[7470.11, 0.20772108], [7468.21, 0.17117443], [7468.2, 0.19588692], [7465.75, 0.3]], "asks": [[7474.62, 0.3], [7474.63, 0.146], [7474.71, 0.3], [7474.72, 0.3], [7474.73, 0.096]], "ts": 1575475467619}
{"bids": [[7470.11, 0.20772108], [7468.21, 0.17117443], [7468.2, 0.19588692], [7465.75, 0.3], [7404.73, 11.7]], "asks": [[7474.62, 0.3], [7474.63, 0.146], [7474.71, 0.3], [7474.72, 0.3], [7474.73, 0.096]], "ts": 1575475467634}
{"bids": [[7470.11, 0.20772108], [7468.21, 0.17117443], [7468.2, 0.19588692], [7467.81, 0.9958], [7465.75, 0.3]], "asks": [[7474.62, 0.3], [7474.63, 0.146], [7474.71, 0.3], [7474.72, 0.3], [7474.73, 0.096]], "ts": 1575475467642}
{"bids": [[7470.11, 0.20772108], [7468.21, 0.17117443], [7468.2, 0.19588692], [7467.81, 0.9958], [7465.75, 0.3]], "asks": [[7474.62, 0.3], [7474.63, 0.146], [7474.71, 0.3], [7474.72, 0.3], [7474.73, 0.096]], "ts": 1575475467656}
{"bids": [[7470.11, 0.20772108], [7468.21, 0.17117443], [7468.2, 0.19588692], [7467.81, 0.9958], [7465.75, 0.3]], "asks": [[7474.62, 0.3], [7474.63, 0.146], [7474.71, 0.3], [7474.72, 0.3], [7474.73, 0.096]], "ts": 1575475467669}
{"bids": [[7470.11, 0.20772108], [7468.21, 0.17117443], [7468.2, 0.19588692], [7467.81, 0.9958], [7465.75, 0.3]], "asks": [[7474.62, 0.3], [7474.63, 0.146], [7474.71, 0.3], [7474.72, 0.3], [7474.73, 0.096]], "ts": 1575475467683}
{"bids": [[7470.11, 0.20772108], [7468.21, 0.17117443], [7468.2, 0.19588692], [7467.81, 0.9958], [7465.75, 0.3]], "asks": [[7472.71, 2.5], [7474.62, 0.3], [7474.63, 0.146], [7474.71, 0.3], [7474.72, 0.3]], "ts": 1575475467693}
{"bids": [[7470.11, 0.20772108], [7468.21, 0.17117443], [7468.2, 0.19588692], [7467.81, 0.9958], [7465.75, 0.3]], "asks": [[7472.7, 2.0], [7472.71, 2.5], [7474.62, 0.3], [7474.63, 0.146], [7474.71, 0.3]], "ts": 1575475467707}
{"bids": [[7470.11, 0.20772108], [7468.21, 0.17117443], [7468.2, 0.19588692], [7467.81, 0.9958], [7465.75, 0.3]], "asks": [[7472.69, 0.3], [7472.7, 2.0], [7472.71, 2.5], [7474.62, 0.3], [7474.63, 0.146]], "ts": 1575475467721}
{"bids": [[7470.11, 0.20772108], [7468.21, 0.17117443], [7468.2, 0.19588692], [7467.81, 0.9958], [7465.75, 0.3]], "asks": [[7472.69, 0.3], [7472.7, 2.0], [7472.71, 2.5], [7474.62, 0.3], [7474.63, 0.146]], "ts": 1575475467729}
{"bids": [[7470.11, 0.20772108], [7468.21, 0.17117443], [7468.2, 0.19588692], [7467.81, 0.9958], [7465.75, 0.3]], "asks": [[7472.69, 0.3], [7472.7, 2.0], [7472.71, 2.67117443], [7474.62, 0.3], [7474.63, 0.146]], "ts": 1575475467744}
{"bids": [[7470.11, 0.20772108], [7468.21, 0.17117443], [7467.81, 0.9958], [7465.75, 0.3]], "asks": [[7472.69, 0.3], [7472.7, 2.0], [7472.71, 2.67117443], [7474.62, 0.3], [7474.63, 0.146]], "ts": 1575475467755}
{"bids": [[7470.11, 0.20772108], [7468.21, 0.17117443], [7467.81, 0.9958], [7466.65, 0.17117443], [7465.75, 0.3]], "asks": [[7472.69, 0.3], [7472.7, 2.0], [7472.71, 2.67117443], [7474.62, 0.3], [7474.63, 0.146]], "ts": 1575475467766}
{"bids": [[7470.11, 0.20772108], [7468.21, 0.17117443], [7467.81, 0.9958], [7466.65, 0.17117443], [7465.75, 0.3]], "asks": [[7472.69, 0.3], [7472.7, 2.0], [7472.71, 2.67117443], [7474.62, 0.3], [7474.63, 0.146]], "ts": 1575475467780}
{"bids": [[7470.11, 0.20772108], [7468.21, 0.17117443], [7467.81, 0.9958], [7466.65, 0.17117443], [7465.75, 0.3]], "asks": [[7472.69, 0.3], [7472.7, 2.0], [7472.71, 2.67117443], [7474.62, 0.3], [7474.63, 0.146]], "ts": 1575475467795}
{"bids": [[7470.11, 0.20772108], [7468.21, 0.17117443], [7467.81, 0.9958], [7466.65, 0.17117443], [7465.75, 0.3]], "asks": [[7472.69, 0.3], [7472.7, 2.0], [7472.71, 2.67117443], [7474.62, 0.3], [7474.63, 0.146]], "ts": 1575475467810}
{"bids": [[7470.11, 0.20772108], [7468.21, 0.17117443], [7467.81, 0.9958], [7466.65, 0.17117443], [7465.75, 0.3]], "asks": [[7472.69, 0.3], [7472.7, 2.0], [7472.71, 2.67117443], [7474.62, 0.3], [7474.63, 0.146]], "ts": 1575475467824}
{"bids": [[7470.11, 0.20772108], [7468.21, 0.17117443], [7467.81, 0.9958], [7466.65, 0.17117443], [7465.75, 0.3]], "asks": [[7472.69, 0.3], [7472.7, 2.0], [7472.71, 2.67117443], [7474.62, 0.3], [7474.63, 0.146]], "ts": 1575475467847}
{"bids": [[7470.11, 0.20772108], [7468.21, 0.17117443], [7467.81, 0.9958], [7466.65, 0.17117443], [7465.75, 0.3]], "asks": [[7472.69, 0.3], [7472.7, 2.0], [7472.71, 2.67117443], [7474.62, 0.3], [7474.63, 0.146]], "ts": 1575475467868}
{"bids": [[7470.11, 0.20772108], [7468.21, 0.17117443], [7467.81, 0.9958], [7466.65, 0.17117443], [7465.75, 0.3]], "asks": [[7472.69, 0.3], [7472.7, 2.0], [7472.71, 2.67117443], [7474.62, 0.3], [7474.63, 0.146]], "ts": 1575475467905}
{"bids": [[7470.11, 0.20772108], [7468.21, 0.17117443], [7467.81, 0.9958], [7466.65, 0.17117443], [7465.75, 0.3]], "asks": [[7472.69, 0.3], [7472.7, 2.0], [7472.71, 2.67117443], [7474.62, 0.3], [7474.63, 0.146]], "ts": 1575475467949}
{"bids": [[7470.11, 0.20772108], [7468.21, 0.17117443], [7467.81, 0.9958], [7466.65, 0.17117443], [7465.75, 0.3]], "asks": [[7472.69, 0.3], [7472.7, 2.0], [7472.71, 2.67117443], [7474.62, 0.3], [7474.63, 0.146]], "ts": 1575475468002}
{"bids": [[7470.11, 0.20772108], [7468.21, 0.17117443], [7467.81, 0.9958], [7466.65, 0.17117443], [7465.75, 0.3]], "asks": [[7472.69, 0.3], [7472.7, 2.0], [7472.71, 2.67117443], [7474.62, 0.3], [7474.63, 0.146]], "ts": 1575475468058}
{"bids": [[7470.11, 0.20772108], [7468.21, 0.17117443], [7467.81, 0.9958], [7466.65, 0.17117443], [7465.75, 0.3]], "asks": [[7472.69, 0.3], [7472.7, 2.9985], [7472.71, 2.67117443], [7474.62, 0.3], [7474.63, 0.146]], "ts": 1575475468088}
{"bids": [[7470.11, 0.20772108], [7468.21, 0.17117443], [7467.81, 0.9958], [7466.65, 0.17117443], [7465.75, 0.3]], "asks": [[7472.69, 0.3], [7472.7, 2.9985], [7472.71, 2.67117443], [7474.62, 0.3], [7474.63, 0.146]], "ts": 1575475468102}
{"bids": [[7470.11, 0.20772108], [7467.81, 0.9958], [7466.65, 0.17117443], [7465.75, 0.3]], "asks": [[7472.69, 0.3], [7472.7, 2.9985], [7472.71, 2.67117443], [7474.62, 0.3], [7474.63, 0.146]], "ts": 1575475468117}
{"bids": [[7470.11, 0.20772108], [7467.81, 0.9958], [7466.66, 0.17117443], [7466.65, 0.17117443], [7465.75, 0.3]], "asks": [[7472.69, 0.3], [7472.7, 2.9985], [7472.71, 2.67117443], [7474.62, 0.3], [7474.63, 0.146]], "ts": 1575475468124}
{"bids": [[7470.11, 0.20772108], [7467.81, 0.9958], [7466.66, 0.17117443], [7466.65, 0.17117443], [7465.75, 0.3]], "asks": [[7472.66, 0.17822666], [7472.69, 0.3], [7472.7, 2.9985], [7472.71, 2.67117443], [7474.62, 0.3]], "ts": 1575475468167}
{"bids": [[7470.11, 0.20772108], [7467.81, 0.9958], [7466.66, 0.17117443], [7466.65, 0.17117443], [7465.75, 0.3]], "asks": [[7472.65, 0.3], [7472.66, 0.17822666], [7472.69, 0.3], [7472.7, 2.9985], [7472.71, 2.67117443]], "ts": 1575475468210}
{"bids": [[7470.11, 0.20772108], [7467.81, 0.9958], [7466.66, 0.17117443], [7466.65, 0.17117443], [7465.75, 0.3]], "asks": [[7472.65, 0.3], [7472.66, 0.17822666], [7472.69, 0.3], [7472.7, 2.9985], [7472.71, 2.67117443]], "ts": 1575475468224}
{"bids": [[7470.11, 0.20772108], [7467.81, 0.9958], [7466.66, 0.17117443], [7466.65, 0.17117443], [7465.75, 0.3]], "asks": [[7472.58, 0.13], [7472.65, 0.3], [7472.66, 0.17822666], [7472.69, 0.3], [7472.7, 2.9985]], "ts": 1575475468278}
{"bids": [[7470.11, 0.20772108], [7467.81, 0.9958], [7466.66, 0.17117443], [7466.65, 0.17117443], [7465.75, 0.3]], "asks": [[7472.57, 2.0], [7472.58, 0.13], [7472.65, 0.3], [7472.66, 0.17822666], [7472.69, 0.3]], "ts": 1575475468292}
{"bids": [[7470.11, 0.20772108], [7467.81, 0.9958], [7466.66, 0.17117443], [7466.65, 0.17117443], [7465.75, 0.3]], "asks": [[7472.56, 0.3], [7472.57, 2.0], [7472.58, 0.13], [7472.65, 0.3], [7472.66, 0.17822666]], "ts": 1575475468307}
{"bids": [[7470.11, 0.20772108], [7467.81, 0.9958], [7466.66, 0.17117443], [7466.65, 0.17117443], [7465.75, 0.3]], "asks": [[7472.52, 0.153], [7472.56, 0.3], [7472.57, 2.0], [7472.58, 0.13], [7472.65, 0.3]], "ts": 1575475468320}
{"bids": [[7470.11, 0.20772108], [7467.81, 0.9958], [7466.66, 0.17117443], [7466.65, 0.17117443], [7465.75, 0.3]], "asks": [[7472.51, 0.3], [7472.52, 0.153], [7472.56, 0.3], [7472.57, 2.0], [7472.58, 0.13]], "ts": 1575475468336}
{"bids": [[7470.11, 0.20772108], [7467.81, 0.9958], [7466.66, 0.17117443], [7466.65, 0.17117443]], "asks": [[7472.51, 0.3], [7472.52, 0.153], [7472.56, 0.3], [7472.57, 2.0], [7472.58, 0.13]], "ts": 1575475468372}
{"bids": [[7470.11, 0.20772108], [7467.81, 0.9958], [7466.66, 0.17117443], [7466.65, 0.17117443], [7464.86, 0.3]], "asks": [[7472.51, 0.3], [7472.52, 0.153], [7472.56, 0.3], [7472.57, 2.0], [7472.58, 0.13]], "ts": 1575475468413}
{"bids": [[7470.11, 0.20772108], [7467.81, 0.9958], [7466.66, 0.17117443], [7466.65, 0.17117443], [7464.86, 0.3]], "asks": [[7472.51, 0.3], [7472.52, 0.153], [7472.56, 0.3], [7472.57, 2.0], [7472.58, 0.13]], "ts": 1575475468431}
{"bids": [[7470.11, 0.20772108], [7467.81, 0.9958], [7466.66, 0.17117443], [7466.65, 0.17117443], [7464.86, 0.3]], "asks": [[7472.51, 0.3], [7472.52, 0.153], [7472.56, 0.3], [7472.57, 2.0], [7472.58, 0.13]], "ts": 1575475468556}
{"bids": [[7470.11, 0.20772108], [7467.81, 0.9958], [7466.66, 0.17117443], [7466.65, 0.17117443], [7464.86, 0.3]], "asks": [[7472.51, 0.3], [7472.52, 0.153], [7472.56, 0.3], [7472.57, 2.0], [7472.58, 0.13]], "ts": 1575475468575}
{"bids": [[7470.11, 0.20772108], [7467.81, 0.9958], [7466.66, 0.17117443], [7466.65, 0.17117443], [7464.86, 0.3]], "asks": [[7472.51, 0.3], [7472.52, 0.153], [7472.56, 0.3], [7472.57, 2.9758], [7472.58, 0.13]], "ts": 1575475468588}
{"bids": [[7470.11, 0.20772108], [7467.81, 0.9958], [7466.66, 0.17117443], [7466.65, 0.17117443], [7464.86, 0.3]], "asks": [[7472.51, 0.3], [7472.52, 0.153], [7472.56, 0.3], [7472.57, 2.9758], [7472.58, 0.13]], "ts": 1575475468628}
{"bids": [[7470.11, 0.20772108], [7467.81, 0.9958], [7466.66, 0.17117443], [7466.65, 0.17117443], [7464.86, 0.3]], "asks": [[7472.51, 0.3], [7472.52, 0.153], [7472.56, 0.3], [7472.57, 2.9758], [7472.58, 0.13]], "ts": 1575475468641}
{"bids": [[7470.11, 0.20772108], [7467.81, 0.9958], [7466.66, 0.17117443], [7466.65, 0.17117443], [7464.86, 0.3]], "asks": [[7472.51, 0.3], [7472.52, 0.153], [7472.56, 0.3], [7472.57, 2.9758], [7472.58, 0.13]], "ts": 1575475468657}
{"bids": [[7470.11, 0.20772108], [7467.81, 0.9958], [7466.66, 0.17117443], [7466.65, 0.17117443], [7464.86, 0.3]], "asks": [[7472.51, 0.3], [7472.52, 0.153], [7472.56, 0.3], [7472.57, 2.9758], [7472.58, 0.13]], "ts": 1575475468671}
{"bids": [[7470.11, 0.20772108], [7467.81, 0.9958], [7466.66, 0.17117443], [7466.65, 0.17117443], [7464.86, 0.3]], "asks": [[7472.51, 0.3], [7472.52, 0.153], [7472.56, 0.3], [7472.57, 2.9758], [7472.58, 0.13]], "ts": 1575475468685}
{"bids": [[7470.11, 0.20772108], [7467.81, 0.9958], [7466.66, 0.17117443], [7466.65, 0.17117443], [7464.86, 0.3]], "asks": [[7472.51, 0.3], [7472.52, 0.153], [7472.56, 0.3], [7472.57, 2.9758], [7472.58, 0.13]], "ts": 1575475468698}
{"bids": [[7470.11, 0.20772108], [7466.66, 0.17117443], [7466.65, 0.17117443], [7464.86, 0.3]], "asks": [[7472.51, 0.3], [7472.52, 0.153], [7472.56, 0.3], [7472.57, 2.9758], [7472.58, 0.13]], "ts": 1575475468713}
{"bids": [[7470.11, 0.20772108], [7466.66, 0.17117443], [7464.86, 0.3]], "asks": [[7472.51, 0.3], [7472.52, 0.153], [7472.56, 0.3], [7472.57, 2.9758], [7472.58, 0.13]], "ts": 1575475468729}
{"bids": [[7470.11, 0.20772108], [7466.66, 0.17117443], [7464.87, 0.15976823], [7464.86, 0.3]], "asks": [[7472.51, 0.3], [7472.52, 0.153], [7472.56, 0.3], [7472.57, 2.9758], [7472.58, 0.13]], "ts": 1575475468744}
{"bids": [[7470.11, 0.20772108], [7466.66, 0.17117443], [7464.87, 0.15976823], [7464.86, 0.3], [7451.0, 0.18]], "asks": [[7472.51, 0.3], [7472.52, 0.153], [7472.56, 0.3], [7472.57, 2.9758], [7472.58, 0.13]], "ts": 1575475468759}
{"bids": [[7470.11, 0.20772108], [7466.66, 0.17117443], [7464.87, 0.15976823], [7464.86, 0.3], [7451.0, 0.18]], "asks": [[7472.51, 0.3], [7472.52, 0.153], [7472.56, 0.3], [7472.57, 2.9758], [7472.58, 0.13]], "ts": 1575475468773}
{"bids": [[7470.11, 0.20772108], [7466.66, 0.17117443], [7464.87, 0.15976823], [7464.86, 0.3], [7451.0, 0.18]], "asks": [[7472.45, 0.1], [7472.51, 0.3], [7472.52, 0.153], [7472.56, 0.3], [7472.57, 2.9758]], "ts": 1575475468812}
{"bids": [[7470.11, 0.20772108], [7466.66, 0.17117443], [7464.87, 0.15976823], [7464.86, 0.3]], "asks": [[7472.45, 0.1], [7472.51, 0.3], [7472.52, 0.153], [7472.56, 0.3], [7472.57, 2.9758]], "ts": 1575475468829}
{"bids": [[7470.11, 0.20772108], [7466.66, 0.17117443], [7464.87, 0.15976823], [7464.86, 0.3]], "asks": [[7472.44, 0.3], [7472.45, 0.1], [7472.51, 0.3], [7472.52, 0.153], [7472.56, 0.3]], "ts": 1575475468847}
{"bids": [[7470.11, 0.20772108], [7466.66, 0.17117443], [7464.87, 0.15976823], [7464.86, 0.3], [7450.0, 0.18]], "asks": [[7472.44, 0.3], [7472.45, 0.1], [7472.51, 0.3], [7472.52, 0.153], [7472.56, 0.3]], "ts": 1575475468864}
{"bids": [[7470.11, 0.20772108], [7466.66, 0.17117443], [7464.87, 0.15976823], [7464.86, 0.3], [7450.0, 0.18]], "asks": [[7472.44, 0.3], [7472.45, 0.1], [7472.51, 0.3], [7472.52, 0.153], [7472.56, 0.3]], "ts": 1575475468878}
{"bids": [[7470.11, 0.20772108], [7466.66, 0.17117443], [7464.87, 0.15976823], [7464.86, 0.3], [7450.0, 0.18]], "asks": [[7472.44, 0.3], [7472.45, 0.1], [7472.51, 0.3], [7472.52, 0.153], [7472.56, 0.3]], "ts": 1575475468895}
{"bids": [[7470.11, 0.20772108], [7466.66, 0.17117443], [7464.87, 0.15976823], [7464.86, 0.3], [7450.0, 0.18]], "asks": [[7472.44, 0.3], [7472.45, 0.1], [7472.51, 0.3], [7472.52, 0.153], [7472.56, 0.3]], "ts": 1575475468910}
{"bids": [[7470.11, 0.20772108], [7466.66, 0.17117443], [7464.87, 0.15976823], [7464.86, 0.3], [7450.0, 0.18]], "asks": [[7472.44, 0.3], [7472.45, 0.1], [7472.51, 0.3], [7472.52, 0.153], [7472.56, 0.3]], "ts": 1575475469009}
{"bids": [[7470.11, 0.20772108], [7466.66, 0.17117443], [7464.87, 0.15976823], [7464.86, 0.3], [7450.0, 0.18]], "asks": [[7472.44, 0.3], [7472.45, 0.1], [7472.51, 0.3], [7472.52, 0.153], [7472.56, 0.3]], "ts": 1575475469026}
{"bids": [[7470.11, 0.20772108], [7466.66, 0.17117443], [7464.87, 0.15976823], [7464.86, 0.3], [7450.0, 0.18]], "asks": [[7472.44, 0.3], [7472.45, 0.1], [7472.51, 0.3], [7472.52, 0.153], [7472.56, 0.3]], "ts": 1575475469043}
{"bids": [[7470.11, 0.20772108], [7466.66, 0.17117443], [7464.87, 0.15976823], [7464.86, 0.3], [7450.0, 0.18]], "asks": [[7472.44, 0.3], [7472.45, 0.1], [7472.51, 0.3], [7472.52, 0.153], [7472.56, 0.3]], "ts": 1575475469059}
{"bids": [[7470.11, 0.20772108], [7466.66, 0.17117443], [7464.87, 0.15976823], [7464.86, 0.3], [7450.0, 0.18]], "asks": [[7472.44, 0.3], [7472.45, 0.1], [7472.51, 0.3], [7472.52, 0.153], [7472.56, 0.3]], "ts": 1575475469075}
{"bids": [[7470.11, 0.20772108], [7466.66, 0.17117443], [7465.37, 0.9832], [7464.87, 0.15976823], [7464.86, 0.3]], "asks": [[7472.44, 0.3], [7472.45, 0.1], [7472.51, 0.3], [7472.52, 0.153], [7472.56, 0.3]], "ts": 1575475469090}
{"bids": [[7470.11, 0.20772108], [7466.66, 0.17117443], [7465.37, 0.9832], [7464.87, 0.15976823], [7464.86, 0.3]], "asks": [[7472.44, 0.3], [7472.45, 0.1], [7472.51, 0.3], [7472.52, 0.153], [7472.56, 0.3]], "ts": 1575475469108}
{"bids": [[7470.11, 0.20772108], [7466.66, 0.17117443], [7465.37, 0.9832], [7464.87, 0.15976823], [7464.86, 0.3]], "asks": [[7472.44, 0.3], [7472.45, 0.1], [7472.51, 0.3], [7472.52, 0.153], [7472.56, 0.3]], "ts": 1575475469122}
{"bids": [[7470.11, 0.20772108], [7466.66, 0.17117443], [7465.37, 0.9832], [7464.87, 0.15976823], [7464.86, 0.3]], "asks": [[7472.44, 0.3], [7472.45, 0.1], [7472.51, 0.3], [7472.52, 0.153], [7472.56, 0.3]], "ts": 1575475469138}
{"bids": [[7470.11, 0.20772108], [7466.66, 0.17117443], [7465.37, 0.9832], [7464.87, 0.15976823], [7464.86, 0.3]], "asks": [[7472.07, 0.9768], [7472.44, 0.3], [7472.45, 0.1], [7472.51, 0.3], [7472.52, 0.153]], "ts": 1575475469153}
{"bids": [[7470.11, 0.20772108], [7466.66, 0.17117443], [7465.37, 0.9832], [7464.87, 0.15976823], [7464.86, 0.3]], "asks": [[7472.06, 2.0], [7472.07, 0.9768], [7472.44, 0.3], [7472.45, 0.1], [7472.51, 0.3]], "ts": 1575475469169}
{"bids": [[7470.11, 0.20772108], [7466.66, 0.17117443], [7465.37, 0.9832], [7464.87, 0.15976823], [7464.86, 0.3]], "asks": [[7472.05, 0.3], [7472.06, 2.0], [7472.07, 0.9768], [7472.44, 0.3], [7472.45, 0.1]], "ts": 1575475469184}
{"bids": [[7470.11, 0.20772108], [7466.66, 0.17117443], [7465.37, 0.9832], [7464.87, 0.15976823], [7464.86, 0.3]], "asks": [[7472.05, 0.3], [7472.06, 2.0], [7472.07, 0.9768], [7472.33, 0.117], [7472.44, 0.3]], "ts": 1575475469202}
{"bids": [[7470.11, 0.20772108], [7466.66, 0.17117443], [7465.37, 0.9832], [7464.87, 0.15976823], [7464.86, 0.3]], "asks": [[7472.05, 0.3], [7472.06, 2.0], [7472.07, 0.9768], [7472.33, 0.117], [7472.44, 0.3]], "ts": 1575475469218}
{"bids": [[7470.11, 0.20772108], [7466.66, 0.17117443], [7465.37, 0.9832], [7464.87, 0.15976823], [7464.86, 0.3]], "asks": [[7472.05, 0.3], [7472.06, 2.0], [7472.07, 0.9768], [7472.33, 0.117], [7472.44, 0.3]], "ts": 1575475469234}
{"bids": [[7470.11, 0.20772108], [7467.84, 0.24284673], [7466.66, 0.17117443], [7465.37, 0.9832], [7464.87, 0.15976823]], "asks": [[7472.05, 0.3], [7472.06, 2.0], [7472.07, 0.9768], [7472.33, 0.117], [7472.44, 0.3]], "ts": 1575475469251}
{"bids": [[7470.11, 8e-05], [7467.84, 0.24284673], [7466.66, 0.17117443], [7465.37, 0.9832], [7464.87, 0.15976823]], "asks": [[7472.05, 0.3], [7472.06, 2.0], [7472.07, 0.9768], [7472.33, 0.117], [7472.44, 0.3]], "ts": 1575475469266}
{"bids": [[7467.84, 0.24284673], [7466.66, 0.17117443], [7465.37, 0.9832], [7464.87, 0.15976823]], "asks": [[7472.05, 0.3], [7472.06, 2.0], [7472.07, 0.9768], [7472.33, 0.117], [7472.44, 0.3]], "ts": 1575475469282}
{"bids": [[7467.84, 0.24284673], [7465.37, 0.9832], [7464.87, 0.15976823]], "asks": [[7472.05, 0.3], [7472.06, 2.0], [7472.07, 0.9768], [7472.33, 0.117], [7472.44, 0.3]], "ts": 1575475469297}
{"bids": [[7467.84, 0.24284673], [7465.38, 0.1608892], [7465.37, 0.9832], [7464.87, 0.15976823]], "asks": [[7472.05, 0.3], [7472.06, 2.0], [7472.07, 0.9768], [7472.33, 0.117], [7472.44, 0.3]], "ts": 1575475469313}
{"bids": [[7467.84, 0.24292673], [7465.38, 0.1608892], [7465.37, 0.9832], [7464.87, 0.15976823]], "asks": [[7472.05, 0.3], [7472.06, 2.0], [7472.07, 0.9768], [7472.33, 0.117], [7472.44, 0.3]], "ts": 1575475469329}
{"bids": [[7467.84, 0.24292673], [7465.38, 0.1608892], [7465.37, 0.9832], [7464.87, 0.15976823]], "asks": [[7472.05, 0.3], [7472.06, 2.0], [7472.07, 0.9768], [7472.33, 0.117], [7472.44, 0.3]], "ts": 1575475469344}
{"bids": [[7467.84, 0.24292673], [7465.38, 0.1608892], [7465.37, 0.9832], [7464.87, 0.15976823]], "asks": [[7472.05, 0.3], [7472.06, 2.0], [7472.07, 0.9768], [7472.33, 0.117], [7472.44, 0.3]], "ts": 1575475469358}
{"bids": [[7467.84, 0.24292673], [7465.38, 0.1608892], [7464.87, 0.15976823]], "asks": [[7472.05, 0.3], [7472.06, 2.0], [7472.07, 0.9768], [7472.33, 0.117], [7472.44, 0.3]], "ts": 1575475469372}
{"bids": [[7467.84, 0.24292673], [7465.38, 0.1608892], [7464.87, 0.15976823]], "asks": [[7472.05, 0.3], [7472.06, 2.0], [7472.07, 0.9768], [7472.33, 0.117], [7472.44, 0.3]], "ts": 1575475469390}
{"bids": [[7467.84, 0.24292673], [7465.38, 0.1608892], [7464.87, 0.15976823], [7450.98, 5.0]], "asks": [[7472.05, 0.3], [7472.06, 2.0], [7472.07, 0.9768], [7472.33, 0.117], [7472.44, 0.3]], "ts": 1575475469469}
{"bids": [[7467.84, 0.24292673], [7465.38, 0.1608892], [7464.87, 0.15976823], [7450.98, 5.0]], "asks": [[7472.05, 0.3], [7472.06, 2.0], [7472.07, 0.9768], [7472.33, 0.117], [7472.44, 0.3]], "ts": 1575475469497}
{"bids": [[7467.84, 0.24292673], [7466.64, 0.19865734], [7465.38, 0.1608892], [7464.87, 0.15976823], [7450.98, 5.0]], "asks": [[7472.05, 0.3], [7472.06, 2.0], [7472.07, 0.9768], [7472.33, 0.117], [7472.44, 0.3]], "ts": 1575475469573}
{"bids": [[7467.84, 0.24292673], [7466.64, 0.19865734], [7464.87, 0.15976823], [7450.98, 5.0]], "asks": [[7472.05, 0.3], [7472.06, 2.0], [7472.07, 0.9768], [7472.33, 0.117], [7472.44, 0.3]], "ts": 1575475469589}
{"bids": [[7467.84, 0.24292673], [7466.64, 0.05252743], [7464.87, 0.15976823], [7450.98, 5.0]], "asks": [[7472.05, 0.3], [7472.06, 2.0], [7472.07, 0.9768], [7472.33, 0.117], [7472.44, 0.3]], "ts": 1575475469601}
{"bids": [[7467.84, 0.24292673], [7466.64, 0.05252743], [7464.88, 0.14612991], [7464.87, 0.15976823], [7450.98, 5.0]], "asks": [[7472.05, 0.3], [7472.06, 2.0], [7472.07, 0.9768], [7472.33, 0.117], [7472.44, 0.3]], "ts": 1575475469617}
{"bids": [[7467.84, 0.24292673], [7466.65, 0.14612991], [7466.64, 0.05252743], [7464.88, 0.14612991], [7464.87, 0.15976823]], "asks": [[7472.05, 0.3], [7472.06, 2.0], [7472.07, 0.9768], [7472.33, 0.117], [7472.44, 0.3]], "ts": 1575475469629}
{"bids": [[7467.84, 0.24292673], [7466.65, 0.14612991], [7466.64, 0.05252743], [7464.87, 0.15976823]], "asks": [[7472.05, 0.3], [7472.06, 2.0], [7472.07, 0.9768], [7472.33, 0.117], [7472.44, 0.3]], "ts": 1575475469645}
{"bids": [[7467.84, 0.24292673], [7466.65, 0.14612991], [7466.64, 0.05252743], [7465.84, 0.9883], [7464.87, 0.15976823]], "asks": [[7472.05, 0.3], [7472.06, 2.0], [7472.07, 0.9768], [7472.33, 0.117], [7472.44, 0.3]], "ts": 1575475469659}
{"bids": [[7467.84, 0.24292673], [7466.65, 0.14612991], [7466.64, 0.05252743], [7465.84, 0.9883], [7464.87, 0.15976823]], "asks": [[7472.05, 0.3], [7472.06, 2.0], [7472.07, 0.9768], [7472.33, 0.117], [7472.44, 0.3]], "ts": 1575475469747}
{"bids": [[7467.84, 0.24292673], [7466.65, 0.14612991], [7466.64, 0.05252743], [7465.84, 0.9883], [7464.87, 0.15976823]], "asks": [[7472.05, 0.3], [7472.06, 2.0], [7472.07, 0.9768], [7472.33, 0.117], [7472.44, 0.3]], "ts": 1575475469758}
{"bids": [[7467.84, 0.24292673], [7466.65, 0.14612991], [7466.64, 0.05252743], [7465.84, 0.9883], [7464.87, 0.15976823]], "asks": [[7472.05, 0.3], [7472.06, 2.0], [7472.07, 0.9768], [7472.33, 0.117], [7472.44, 0.3]], "ts": 1575475469835}
{"bids": [[7467.84, 0.24292673], [7466.65, 0.14612991], [7466.64, 0.05252743], [7465.84, 0.9883], [7464.87, 0.15976823]], "asks": [[7472.05, 0.3], [7472.06, 2.0], [7472.07, 0.9768], [7472.33, 0.117], [7472.44, 0.3]], "ts": 1575475469868}
{"bids": [[7467.84, 0.24292673], [7466.65, 0.14612991], [7466.64, 0.05252743], [7465.84, 0.9883], [7464.87, 0.15976823]], "asks": [[7472.05, 0.3], [7472.06, 2.0], [7472.07, 0.9768], [7472.33, 0.117], [7472.44, 0.3]], "ts": 1575475469874}
{"bids": [[7467.84, 0.24292673], [7466.65, 0.14612991], [7466.64, 0.05252743], [7465.84, 0.9883], [7464.87, 0.15976823]], "asks": [[7471.9, 0.138], [7472.05, 0.3], [7472.06, 2.0], [7472.07, 0.9768], [7472.33, 0.117]], "ts": 1575475469910}
{"bids": [[7467.84, 0.24292673], [7466.65, 0.14612991], [7466.64, 0.05252743], [7465.84, 0.9883], [7464.87, 0.15976823]], "asks": [[7471.9, 0.138], [7472.05, 0.3], [7472.06, 2.0], [7472.07, 0.9768], [7472.33, 0.117]], "ts": 1575475469916}
{"bids": [[7467.84, 0.24292673], [7466.65, 0.14612991], [7466.64, 0.05252743], [7465.84, 0.9883], [7464.87, 0.15976823]], "asks": [[7471.9, 0.138], [7472.05, 0.3], [7472.06, 2.0], [7472.07, 0.9768], [7472.33, 0.117]], "ts": 1575475469923}
{"bids": [[7467.84, 0.24292673], [7466.65, 0.14612991], [7466.64, 0.05252743], [7465.84, 0.9883], [7464.87, 0.15976823]], "asks": [[7471.89, 0.3], [7471.9, 0.138], [7472.05, 0.3], [7472.06, 2.0], [7472.07, 0.9768]], "ts": 1575475469926}
{"bids": [[7467.84, 0.24292673], [7466.65, 0.14612991], [7466.64, 0.05252743], [7465.84, 0.9883], [7464.87, 0.15976823]], "asks": [[7471.89, 0.3], [7471.9, 0.138], [7472.05, 0.3], [7472.06, 2.0], [7472.07, 0.9768]], "ts": 1575475469932}
{"bids": [[7467.84, 0.24292673], [7466.65, 0.14612991], [7466.64, 0.05252743], [7465.84, 0.9883], [7464.87, 0.15976823]], "asks": [[7471.89, 0.3], [7471.9, 0.138], [7472.05, 0.3], [7472.06, 2.0], [7472.07, 0.9768]], "ts": 1575475470114}
{"bids": [[7467.84, 0.24292673], [7466.65, 0.14612991], [7466.64, 0.05252743], [7465.84, 0.9883], [7464.87, 0.15976823]], "asks": [[7471.89, 0.3], [7471.9, 0.138], [7472.05, 0.3], [7472.06, 2.0], [7472.07, 0.9768]], "ts": 1575475470166}
{"bids": [[7467.84, 0.24292673], [7466.65, 0.14612991], [7466.64, 0.05252743], [7465.84, 0.9883], [7464.87, 0.15976823]], "asks": [[7471.85, 0.124], [7471.89, 0.3], [7471.9, 0.138], [7472.05, 0.3], [7472.06, 2.0]], "ts": 1575475470192}
{"bids": [[7467.84, 0.24292673], [7466.65, 0.14612991], [7466.64, 0.05252743], [7465.84, 0.9883], [7464.87, 0.15976823]], "asks": [[7471.84, 0.3], [7471.85, 0.124], [7471.89, 0.3], [7471.9, 0.138], [7472.05, 0.3]], "ts": 1575475470227}
{"bids": [[7467.84, 0.24292673], [7466.65, 0.14612991], [7466.64, 0.05252743], [7465.84, 0.9883], [7464.87, 0.15976823]], "asks": [[7471.84, 0.3], [7471.85, 0.124], [7471.89, 0.3], [7471.9, 0.138], [7472.05, 0.3]], "ts": 1575475470239}
{"bids": [[7467.84, 0.24292673], [7466.65, 0.14612991], [7466.64, 0.05252743], [7465.84, 0.9883], [7464.87, 0.15976823]], "asks": [[7471.84, 0.3], [7471.85, 0.124], [7471.89, 0.3], [7471.9, 0.138], [7472.05, 0.3]], "ts": 1575475470401}
{"bids": [[7467.84, 0.24292673], [7466.65, 0.14612991], [7466.64, 0.05252743], [7465.84, 0.9883], [7464.87, 0.45976823]], "asks": [[7471.84, 0.3], [7471.85, 0.124], [7471.89, 0.3], [7471.9, 0.138], [7472.05, 0.3]], "ts": 1575475470406}
{"bids": [[7467.84, 0.24292673], [7466.65, 0.14612991], [7466.64, 0.05252743], [7465.84, 0.9883], [7464.87, 0.15976823]], "asks": [[7471.84, 0.3], [7471.85, 0.124], [7471.89, 0.3], [7471.9, 0.138], [7472.05, 0.3]], "ts": 1575475470482}
{"bids": [[7467.84, 0.24292673], [7466.65, 0.14612991], [7466.64, 0.05252743], [7465.84, 0.9883], [7464.87, 0.15976823]], "asks": [[7471.84, 0.3], [7471.85, 0.124], [7471.89, 0.3], [7471.9, 0.138], [7472.05, 0.3]], "ts": 1575475470534}
{"bids": [[7467.84, 0.24292673], [7466.65, 0.14612991], [7466.64, 0.05252743], [7465.84, 0.9883], [7464.87, 0.15976823]], "asks": [[7471.84, 0.3], [7471.85, 0.124], [7471.89, 0.3], [7471.9, 0.138], [7472.05, 0.3]], "ts": 1575475470837}
{"bids": [[7467.84, 0.24292673], [7466.65, 0.14612991], [7466.64, 0.05252743], [7465.84, 0.9883], [7464.87, 0.15976823]], "asks": [[7471.73, 0.155], [7471.84, 0.3], [7471.85, 0.124], [7471.89, 0.3], [7471.9, 0.138]], "ts": 1575475471109}
{"bids": [[7467.84, 0.24292673], [7466.65, 0.14612991], [7466.64, 0.05252743], [7465.84, 0.9883], [7464.87, 0.15976823]], "asks": [[7471.72, 0.3], [7471.73, 0.155], [7471.84, 0.3], [7471.85, 0.124], [7471.89, 0.3]], "ts": 1575475471140}
{"bids": [[7467.84, 0.24292673], [7466.65, 0.14612991], [7465.84, 0.9883], [7464.87, 0.15976823]], "asks": [[7471.72, 0.3], [7471.73, 0.155], [7471.84, 0.3], [7471.85, 0.124], [7471.89, 0.3]], "ts": 1575475471160}
{"bids": [[7467.84, 0.24292673], [7466.65, 0.14612991], [7465.84, 0.9883], [7464.87, 0.15976823]], "asks": [[7471.65, 0.168], [7471.72, 0.3], [7471.73, 0.155], [7471.84, 0.3], [7471.85, 0.124]], "ts": 1575475471177}
{"bids": [[7467.84, 0.24292673], [7466.65, 0.14612991], [7465.84, 0.9883], [7464.87, 0.15976823], [7453.07, 0.03976904]], "asks": [[7471.65, 0.168], [7471.72, 0.3], [7471.73, 0.155], [7471.84, 0.3], [7471.85, 0.124]], "ts": 1575475471190}
{"bids": [[7467.84, 0.24292673], [7466.65, 0.14612991], [7465.84, 0.9883], [7464.87, 0.15976823], [7453.07, 0.03976904]], "asks": [[7471.64, 0.3], [7471.65, 0.168], [7471.72, 0.3], [7471.73, 0.155], [7471.84, 0.3]], "ts": 1575475471196}
{"bids": [[7467.84, 0.24292673], [7466.65, 0.14612991], [7465.84, 0.9883], [7464.87, 0.15976823], [7453.07, 0.03976904]], "asks": [[7471.64, 0.3], [7471.65, 0.168], [7471.72, 0.3], [7471.73, 0.155], [7471.81, 0.26505313]], "ts": 1575475471242}
{"bids": [[7467.84, 0.24292673], [7466.65, 0.14612991], [7465.84, 0.9883], [7464.87, 0.15976823], [7453.07, 0.03976904]], "asks": [[7471.63, 2.0], [7471.64, 0.3], [7471.65, 0.168], [7471.72, 0.3], [7471.73, 0.155]], "ts": 1575475471244}
{"bids": [[7467.84, 0.24292673], [7466.65, 0.14612991], [7465.84, 0.9883], [7464.87, 0.15976823], [7453.07, 0.03976904]], "asks": [[7471.63, 2.0], [7471.64, 0.3], [7471.65, 0.168], [7471.72, 0.3], [7471.73, 0.155]], "ts": 1575475471273}
{"bids": [[7467.84, 0.24292673], [7466.65, 0.14612991], [7465.84, 0.9883], [7464.87, 0.15976823], [7453.07, 0.03976904]], "asks": [[7471.62, 0.3], [7471.63, 2.0], [7471.64, 0.3], [7471.65, 0.168], [7471.72, 0.3]], "ts": 1575475471284}
{"bids": [[7467.84, 0.24292673], [7466.65, 0.14612991], [7464.87, 0.15976823], [7453.07, 0.03976904]], "asks": [[7471.62, 0.3], [7471.63, 2.0], [7471.64, 0.3], [7471.65, 0.168], [7471.72, 0.3]], "ts": 1575475471334}
{"bids": [[7467.84, 0.24292673], [7464.87, 0.15976823], [7453.07, 0.03976904]], "asks": [[7471.62, 0.3], [7471.63, 2.0], [7471.64, 0.3], [7471.65, 0.168], [7471.72, 0.3]], "ts": 1575475471346}
{"bids": [[7467.84, 0.24292673], [7464.88, 0.13674141], [7464.87, 0.15976823], [7453.07, 0.03976904]], "asks": [[7471.62, 0.3], [7471.63, 2.0], [7471.64, 0.3], [7471.65, 0.168], [7471.72, 0.3]], "ts": 1575475471361}
{"bids": [[7467.84, 0.24292673], [7464.88, 0.13674141], [7464.87, 0.15976823], [7453.07, 0.03976904]], "asks": [[7471.62, 0.3], [7471.63, 2.0], [7471.64, 0.3], [7471.65, 0.168], [7471.72, 0.3]], "ts": 1575475471373}
{"bids": [[7467.84, 0.24292673], [7464.88, 0.13674141], [7464.87, 0.15976823], [7456.57, 1.0], [7453.07, 0.03976904]], "asks": [[7471.62, 0.3], [7471.63, 2.0], [7471.64, 0.3], [7471.65, 0.168], [7471.72, 0.3]], "ts": 1575475471628}
{"bids": [[7467.84, 0.24292673], [7464.88, 0.13674141], [7464.87, 0.15976823], [7456.57, 1.0], [7453.07, 0.03976904]], "asks": [[7471.48, 0.161], [7471.62, 0.3], [7471.63, 2.0], [7471.64, 0.3], [7471.65, 0.168]], "ts": 1575475471831}
{"bids": [[7467.84, 0.24292673], [7464.88, 0.13674141], [7464.87, 0.15976823], [7456.57, 1.0], [7453.07, 0.03976904]], "asks": [[7471.47, 0.13674141], [7471.48, 0.161], [7471.62, 0.3], [7471.63, 2.0], [7471.64, 0.3]], "ts": 1575475471834}
{"bids": [[7467.84, 0.24292673], [7464.88, 0.13674141], [7464.87, 0.15976823], [7456.57, 1.0], [7453.07, 0.03976904]], "asks": [[7471.47, 0.13674141], [7471.48, 0.161], [7471.62, 0.3], [7471.63, 2.0], [7471.64, 0.3]], "ts": 1575475471846}
{"bids": [[7467.84, 0.24292673], [7464.88, 0.13674141], [7464.87, 0.15976823], [7456.57, 1.0], [7453.07, 0.03976904]], "asks": [[7471.46, 0.3], [7471.47, 0.13674141], [7471.48, 0.161], [7471.62, 0.3], [7471.63, 2.0]], "ts": 1575475471857}
{"bids": [[7467.84, 0.24292673], [7464.88, 0.13674141], [7464.87, 0.15976823], [7456.57, 1.0], [7453.07, 0.03976904]], "asks": [[7471.45, 2.0], [7471.46, 0.3], [7471.47, 0.13674141], [7471.48, 0.161], [7471.62, 0.3]], "ts": 1575475471863}
{"bids": [[7467.84, 0.24292673], [7464.88, 0.13674141], [7464.87, 0.15976823], [7456.57, 1.0], [7453.07, 0.03976904]], "asks": [[7471.44, 0.3], [7471.45, 2.0], [7471.46, 0.3], [7471.47, 0.13674141], [7471.48, 0.161]], "ts": 1575475471875}
{"bids": [[7467.84, 0.24292673], [7464.88, 0.13674141], [7464.87, 0.15976823], [7456.57, 1.0], [7453.07, 0.03976904]], "asks": [[7471.44, 0.3], [7471.45, 2.0], [7471.46, 0.3], [7471.47, 0.13674141], [7471.48, 0.161]], "ts": 1575475471881}
{"bids": [[7467.84, 0.24292673], [7465.37, 0.9848], [7464.88, 0.13674141], [7464.87, 0.15976823], [7456.57, 1.0]], "asks": [[7471.44, 0.3], [7471.45, 2.0], [7471.46, 0.3], [7471.47, 0.13674141], [7471.48, 0.161]], "ts": 1575475471890}
{"bids": [[7467.84, 0.24292673], [7465.37, 0.9848], [7464.88, 0.13674141], [7464.87, 0.15976823], [7456.57, 1.0]], "asks": [[7471.44, 0.3], [7471.45, 2.0], [7471.46, 0.3], [7471.47, 0.13674141], [7471.48, 0.161]], "ts": 1575475471896}
{"bids": [[7467.84, 0.24292673], [7465.37, 0.9848], [7464.88, 0.13674141], [7464.87, 0.15976823], [7456.57, 1.0]], "asks": [[7471.44, 0.3], [7471.45, 2.0], [7471.46, 0.3], [7471.47, 0.13674141], [7471.48, 0.161]], "ts": 1575475471950}
{"bids": [[7467.84, 0.24292673], [7465.37, 0.9848], [7464.88, 0.13674141], [7464.87, 0.15976823], [7456.57, 1.0]], "asks": [[7471.44, 0.3], [7471.45, 2.0], [7471.46, 0.3], [7471.47, 0.13674141], [7471.48, 0.161]], "ts": 1575475472092}
{"bids": [[7467.84, 0.24292673], [7465.37, 0.9848], [7464.88, 0.13674141], [7464.87, 0.15976823], [7456.57, 1.0]], "asks": [[7471.44, 0.3], [7471.45, 2.0], [7471.46, 0.3], [7471.47, 0.13674141], [7471.48, 0.161]], "ts": 1575475472127}
{"bids": [[7467.84, 0.24292673], [7465.37, 0.9848], [7464.88, 0.13674141], [7464.87, 0.15976823], [7456.57, 1.0]], "asks": [[7471.41, 0.093], [7471.44, 0.3], [7471.45, 2.0], [7471.46, 0.3], [7471.47, 0.13674141]], "ts": 1575475472165}
{"bids": [[7467.84, 0.24292673], [7465.37, 0.9848], [7464.88, 0.13674141], [7464.87, 0.15976823], [7456.57, 1.0]], "asks": [[7471.41, 0.093], [7471.44, 0.3], [7471.45, 2.0], [7471.46, 0.3], [7471.47, 0.13674141]], "ts": 1575475472180}
{"bids": [[7467.84, 8e-05], [7465.37, 0.9848], [7464.88, 0.13674141], [7464.87, 0.15976823], [7456.57, 1.0]], "asks": [[7471.41, 0.093], [7471.44, 0.3], [7471.45, 2.0], [7471.46, 0.3], [7471.47, 0.13674141]], "ts": 1575475472192}
{"bids": [[7467.84, 8e-05], [7465.37, 0.9848], [7464.88, 0.13674141], [7464.87, 0.15976823], [7456.57, 1.0]], "asks": [[7471.4, 0.3], [7471.41, 0.093], [7471.44, 0.3], [7471.45, 2.0], [7471.46, 0.3]], "ts": 1575475472207}
{"bids": [[7465.37, 0.9848], [7464.88, 0.13674141], [7464.87, 0.15976823], [7456.57, 1.0]], "asks": [[7471.4, 0.3], [7471.41, 0.093], [7471.44, 0.3], [7471.45, 2.0], [7471.46, 0.3]], "ts": 1575475472219}
{"bids": [[7465.38, 2.0], [7465.37, 0.9848], [7464.88, 0.13674141], [7464.87, 0.15976823], [7456.57, 1.0]], "asks": [[7471.4, 0.3], [7471.41, 0.093], [7471.44, 0.3], [7471.45, 2.0], [7471.46, 0.3]], "ts": 1575475472226}
{"bids": [[7465.38, 2.0], [7465.37, 0.98488], [7464.88, 0.13674141], [7464.87, 0.15976823], [7456.57, 1.0]], "asks": [[7471.4, 0.3], [7471.41, 0.093], [7471.44, 0.3], [7471.45, 2.0], [7471.46, 0.3]], "ts": 1575475472233}
{"bids": [[7465.38, 2.0], [7465.37, 0.98488], [7464.88, 0.13674141], [7464.87, 0.15976823], [7463.56, 0.27209258]], "asks": [[7471.4, 0.3], [7471.41, 0.093], [7471.44, 0.3], [7471.45, 2.0], [7471.46, 0.3]], "ts": 1575475472236}
{"bids": [[7465.38, 2.0], [7465.37, 0.98488], [7464.88, 0.13674141], [7464.87, 0.15976823], [7463.56, 0.27209258]], "asks": [[7471.4, 0.3], [7471.41, 0.093], [7471.44, 0.3], [7471.45, 2.0], [7471.46, 0.3]], "ts": 1575475472328}
{"bids": [[7465.38, 2.0], [7465.37, 0.9848], [7464.88, 0.13674141], [7464.87, 0.15976823], [7463.56, 0.27209258]], "asks": [[7471.4, 0.3], [7471.41, 0.093], [7471.44, 0.3], [7471.45, 2.0], [7471.46, 0.3]], "ts": 1575475472340}
{"bids": [[7465.38, 2.00008], [7465.37, 0.9848], [7464.88, 0.13674141], [7464.87, 0.15976823], [7463.56, 0.27209258]], "asks": [[7471.4, 0.3], [7471.41, 0.093], [7471.44, 0.3], [7471.45, 2.0], [7471.46, 0.3]], "ts": 1575475472352}
{"bids": [[7465.38, 2.00008], [7464.88, 0.13674141], [7464.87, 0.15976823], [7463.56, 0.27209258]], "asks": [[7471.4, 0.3], [7471.41, 0.093], [7471.44, 0.3], [7471.45, 2.0], [7471.46, 0.3]], "ts": 1575475472383}
{"bids": [[7465.88, 0.9922], [7465.38, 2.00008], [7464.88, 0.13674141], [7464.87, 0.15976823], [7463.56, 0.27209258]], "asks": [[7471.4, 0.3], [7471.41, 0.093], [7471.44, 0.3], [7471.45, 2.0], [7471.46, 0.3]], "ts": 1575475472411}
{"bids": [[7465.89, 2.0], [7465.88, 0.9922], [7465.38, 2.00008], [7464.88, 0.13674141], [7464.87, 0.15976823]], "asks": [[7471.4, 0.3], [7471.41, 0.093], [7471.44, 0.3], [7471.45, 2.0], [7471.46, 0.3]], "ts": 1575475472423}
{"bids": [[7465.89, 2.0], [7465.88, 0.9922], [7465.38, 2.0], [7464.88, 0.13674141], [7464.87, 0.15976823]], "asks": [[7471.4, 0.3], [7471.41, 0.093], [7471.44, 0.3], [7471.45, 2.0], [7471.46, 0.3]], "ts": 1575475472440}
{"bids": [[7465.89, 2.0], [7465.88, 0.99228], [7465.38, 2.0], [7464.88, 0.13674141], [7464.87, 0.15976823]], "asks": [[7471.4, 0.3], [7471.41, 0.093], [7471.44, 0.3], [7471.45, 2.0], [7471.46, 0.3]], "ts": 1575475472451}
{"bids": [[7465.89, 2.0], [7465.88, 0.99228], [7465.38, 2.0], [7464.88, 0.13674141], [7464.87, 0.15976823]], "asks": [[7470.95, 0.9936], [7471.4, 0.3], [7471.41, 0.093], [7471.44, 0.3], [7471.45, 2.0]], "ts": 1575475472466}
{"bids": [[7465.89, 2.0], [7465.88, 0.99228], [7465.38, 2.0], [7464.88, 0.13674141], [7464.87, 0.15976823]], "asks": [[7470.95, 0.9936], [7471.4, 0.3], [7471.41, 0.093], [7471.44, 0.3], [7471.45, 2.0]], "ts": 1575475472480}
{"bids": [[7465.89, 2.0], [7465.88, 0.99228], [7465.38, 2.0], [7464.88, 0.13674141], [7464.87, 0.15976823]], "asks": [[7470.94, 0.3], [7470.95, 0.9936], [7471.4, 0.3], [7471.41, 0.093], [7471.44, 0.3]], "ts": 1575475472501}
{"bids": [[7465.89, 2.0], [7465.88, 0.9922], [7465.38, 2.0], [7464.88, 0.13674141], [7464.87, 0.15976823]], "asks": [[7470.94, 0.3], [7470.95, 0.9936], [7471.4, 0.3], [7471.41, 0.093], [7471.44, 0.3]], "ts": 1575475472527}
{"bids": [[7465.89, 2.00008], [7465.88, 0.9922], [7465.38, 2.0], [7464.88, 0.13674141], [7464.87, 0.15976823]], "asks": [[7470.94, 0.3], [7470.95, 0.9936], [7471.4, 0.3], [7471.41, 0.093], [7471.44, 0.3]], "ts": 1575475472540}
{"bids": [[7465.89, 2.00008], [7465.88, 0.9922], [7465.38, 2.0], [7464.88, 0.13674141], [7464.87, 0.15976823]], "asks": [[7470.94, 0.3], [7470.95, 0.9936], [7471.4, 0.3], [7471.41, 0.093], [7471.44, 0.3]], "ts": 1575475472604}
{"bids": [[7465.89, 2.00008], [7465.88, 0.9922], [7465.38, 2.0], [7464.88, 0.13674141], [7464.87, 0.15976823]], "asks": [[7470.94, 0.3], [7470.95, 0.9936], [7471.4, 0.3], [7471.41, 0.093], [7471.44, 0.3]], "ts": 1575475472621}
{"bids": [[7465.89, 2.00008], [7465.88, 0.9922], [7465.38, 2.0], [7464.88, 0.13674141], [7464.87, 0.15976823]], "asks": [[7470.94, 0.3], [7470.95, 0.9936], [7471.4, 0.3], [7471.41, 0.093], [7471.44, 0.3]], "ts": 1575475472644}
{"bids": [[7465.89, 2.00008], [7465.88, 0.9922], [7465.38, 2.0], [7464.88, 0.13674141], [7464.87, 0.15976823]], "asks": [[7470.94, 0.3], [7470.95, 0.9936], [7471.4, 0.3], [7471.41, 0.093], [7471.44, 0.3]], "ts": 1575475472655}
{"bids": [[7465.89, 2.00008], [7465.88, 0.9922], [7465.38, 2.0], [7464.88, 0.13674141], [7464.87, 0.15976823]], "asks": [[7470.94, 0.3], [7470.95, 0.9936], [7471.4, 0.3], [7471.41, 0.093], [7471.44, 0.3]], "ts": 1575475472671}
{"bids": [[7465.89, 2.00008], [7465.88, 0.9922], [7465.38, 2.0], [7464.88, 0.13674141], [7464.87, 0.15976823]], "asks": [[7470.94, 0.3], [7470.95, 0.9936], [7471.4, 0.3], [7471.41, 0.093], [7471.44, 0.3]], "ts": 1575475472718}
{"bids": [[7465.89, 2.00008], [7465.88, 0.9922], [7465.38, 2.0], [7464.88, 0.13674141], [7464.87, 0.15976823]], "asks": [[7470.94, 0.3], [7470.95, 0.9936], [7471.4, 0.3], [7471.41, 0.093], [7471.44, 0.3]], "ts": 1575475472732}
{"bids": [[7465.89, 2.00008], [7465.88, 0.9922], [7465.38, 2.0], [7464.88, 0.13674141], [7464.87, 0.15976823]], "asks": [[7470.94, 0.3], [7470.95, 0.9936], [7471.4, 0.3], [7471.41, 0.093], [7471.44, 0.3]], "ts": 1575475472745}
{"bids": [[7465.89, 2.00008], [7465.88, 0.9922], [7465.38, 2.0], [7464.88, 0.13674141], [7464.87, 0.15976823]], "asks": [[7470.94, 0.3], [7470.95, 0.9936], [7471.4, 0.3], [7471.41, 0.093], [7471.44, 0.3]], "ts": 1575475472807}
{"bids": [[7465.89, 2.00008], [7465.88, 0.9922], [7465.38, 2.0], [7464.88, 0.13674141], [7464.87, 0.15976823]], "asks": [[7470.94, 0.3], [7470.95, 0.9936], [7471.4, 0.3], [7471.41, 0.093], [7471.44, 0.3]], "ts": 1575475472838}
{"bids": [[7465.89, 2.00008], [7465.88, 0.9922], [7465.38, 2.0], [7464.88, 0.13674141], [7464.87, 0.15976823]], "asks": [[7470.94, 0.3], [7470.95, 0.9936], [7471.4, 0.3], [7471.41, 0.093], [7471.44, 0.3]], "ts": 1575475472846}
{"bids": [[7465.89, 2.00008], [7465.88, 0.9922], [7465.38, 2.0], [7464.88, 0.13674141], [7464.87, 0.15976823]], "asks": [[7470.94, 0.3], [7470.95, 0.9936], [7471.4, 0.3], [7471.41, 0.093], [7471.44, 0.3]], "ts": 1575475472860}
{"bids": [[7465.89, 2.00008], [7465.88, 0.9922], [7465.38, 2.0], [7464.88, 0.13674141], [7464.87, 0.15976823]], "asks": [[7470.94, 0.3], [7470.95, 0.9936], [7471.4, 0.3], [7471.41, 0.093], [7471.44, 0.3]], "ts": 1575475472871}
{"bids": [[7465.89, 2.00008], [7465.38, 2.0], [7464.88, 0.13674141], [7464.87, 0.15976823]], "asks": [[7470.94, 0.3], [7470.95, 0.9936], [7471.4, 0.3], [7471.41, 0.093], [7471.44, 0.3]], "ts": 1575475472902}
{"bids": [[7465.89, 2.00008], [7464.88, 0.13674141], [7464.87, 0.15976823]], "asks": [[7470.94, 0.3], [7470.95, 0.9936], [7471.4, 0.3], [7471.41, 0.093], [7471.44, 0.3]], "ts": 1575475472917}
{"bids": [[7466.39, 0.9745], [7465.89, 2.00008], [7464.88, 0.13674141], [7464.87, 0.15976823]], "asks": [[7470.94, 0.3], [7470.95, 0.9936], [7471.4, 0.3], [7471.41, 0.093], [7471.44, 0.3]], "ts": 1575475472930}
{"bids": [[7466.4, 2.0], [7466.39, 0.9745], [7465.89, 2.00008], [7464.88, 0.13674141], [7464.87, 0.15976823]], "asks": [[7470.94, 0.3], [7470.95, 0.9936], [7471.4, 0.3], [7471.41, 0.093], [7471.44, 0.3]], "ts": 1575475472942}
{"bids": [[7466.4, 2.13426092], [7466.39, 0.9745], [7465.89, 2.00008], [7464.88, 0.13674141], [7464.87, 0.15976823]], "asks": [[7470.94, 0.3], [7470.95, 0.9936], [7471.4, 0.3], [7471.41, 0.093], [7471.44, 0.3]], "ts": 1575475472954}
{"bids": [[7466.4, 2.13426092], [7466.39, 0.9745], [7465.89, 2.00008], [7464.87, 0.15976823]], "asks": [[7470.94, 0.3], [7470.95, 0.9936], [7471.4, 0.3], [7471.41, 0.093], [7471.44, 0.3]], "ts": 1575475472969}
{"bids": [[7466.4, 2.13426092], [7466.39, 0.9745], [7465.89, 2.00008], [7464.87, 0.15976823]], "asks": [[7470.94, 0.3], [7470.95, 0.9936], [7471.4, 0.3], [7471.41, 0.093], [7471.44, 0.3]], "ts": 1575475472980}
{"bids": [[7466.4, 2.13426092], [7466.39, 0.9745], [7465.89, 2.0], [7464.87, 0.15976823]], "asks": [[7470.94, 0.3], [7470.95, 0.9936], [7471.4, 0.3], [7471.41, 0.093], [7471.44, 0.3]], "ts": 1575475472993}
{"bids": [[7466.4, 2.13434092], [7466.39, 0.9745], [7465.89, 2.0], [7464.87, 0.15976823]], "asks": [[7470.94, 0.3], [7470.95, 0.9936], [7471.4, 0.3], [7471.41, 0.093], [7471.44, 0.3]], "ts": 1575475473005}
{"bids": [[7466.4, 2.13434092], [7466.39, 0.9745], [7465.89, 2.0], [7464.87, 0.15976823], [3711.1, 0.05]], "asks": [[7470.94, 0.3], [7470.95, 0.9936], [7471.4, 0.3], [7471.41, 0.093], [7471.44, 0.3]], "ts": 1575475473019}
{"bids": [[7466.4, 2.13434092], [7466.39, 0.9745], [7465.89, 2.0], [7464.87, 0.15976823]], "asks": [[7470.94, 0.3], [7470.95, 0.9936], [7471.4, 0.3], [7471.41, 0.093], [7471.44, 0.3]], "ts": 1575475473119}
{"bids": [[7466.41, 0.13465944], [7466.4, 2.13434092], [7466.39, 0.9745], [7465.89, 2.0], [7464.87, 0.15976823]], "asks": [[7470.94, 0.3], [7470.95, 0.9936], [7471.4, 0.3], [7471.41, 0.093], [7471.44, 0.3]], "ts": 1575475473228}
{"bids": [[7466.41, 0.13465944], [7466.4, 2.13434092], [7466.39, 0.9745], [7465.89, 2.0]], "asks": [[7470.94, 0.3], [7470.95, 0.9936], [7471.4, 0.3], [7471.41, 0.093], [7471.44, 0.3]], "ts": 1575475473241}
{"bids": [[7466.41, 0.13465944], [7466.4, 2.13434092], [7466.39, 0.9745], [7465.89, 2.0]], "asks": [[7470.87, 0.155], [7470.94, 0.3], [7470.95, 0.9936], [7471.4, 0.3], [7471.41, 0.093]], "ts": 1575475473257}
{"bids": [[7466.41, 0.13465944], [7466.4, 2.13434092], [7466.39, 0.9745], [7465.89, 2.0]], "asks": [[7470.87, 0.155], [7470.94, 0.3], [7470.95, 0.9936], [7471.4, 0.3], [7471.41, 0.093]], "ts": 1575475473264}
{"bids": [[7466.41, 0.13465944], [7466.4, 2.13434092], [7466.39, 0.9745], [7465.89, 2.0], [7465.18, 0.3]], "asks": [[7470.87, 0.155], [7470.94, 0.3], [7470.95, 0.9936], [7471.4, 0.3], [7471.41, 0.093]], "ts": 1575475473272}
{"bids": [[7466.41, 0.13465944], [7466.4, 2.13426092], [7466.39, 0.9745], [7465.89, 2.0], [7465.18, 0.3]], "asks": [[7470.87, 0.155], [7470.94, 0.3], [7470.95, 0.9936], [7471.4, 0.3], [7471.41, 0.093]], "ts": 1575475473280}
{"bids": [[7466.41, 0.13473944], [7466.4, 2.13426092], [7466.39, 0.9745], [7465.89, 2.0], [7465.18, 0.3]], "asks": [[7470.87, 0.155], [7470.94, 0.3], [7470.95, 0.9936], [7471.4, 0.3], [7471.41, 0.093]], "ts": 1575475473288}
{"bids": [[7466.41, 0.13473944], [7466.4, 2.13426092], [7466.39, 0.9745], [7465.89, 2.0], [7465.18, 0.3]], "asks": [[7470.87, 0.155], [7470.94, 0.3], [7470.95, 0.9936], [7471.4, 0.3], [7471.41, 0.093]], "ts": 1575475473356}
{"bids": [[7466.41, 0.13473944], [7466.4, 2.13426092], [7465.89, 2.0], [7465.18, 0.3]], "asks": [[7470.87, 0.155], [7470.94, 0.3], [7470.95, 0.9936], [7471.4, 0.3], [7471.41, 0.093]], "ts": 1575475473391}
{"bids": [[7466.41, 0.13473944], [7466.4, 3.12756092], [7465.89, 2.0], [7465.18, 0.3]], "asks": [[7470.87, 0.155], [7470.94, 0.3], [7470.95, 0.9936], [7471.4, 0.3], [7471.41, 0.093]], "ts": 1575475473433}
{"bids": [[7466.41, 0.13473944], [7466.4, 3.12756092], [7465.89, 2.0], [7465.18, 0.3]], "asks": [[7470.87, 0.155], [7470.94, 0.3], [7470.95, 0.9936], [7471.4, 0.3], [7471.41, 0.093]], "ts": 1575475473459}
{"bids": [[7466.41, 0.13473944], [7466.4, 3.12756092], [7465.89, 2.0], [7465.18, 0.3]], "asks": [[7470.86, 0.3], [7470.87, 0.155], [7470.94, 0.3], [7470.95, 0.9936], [7471.4, 0.3]], "ts": 1575475473469}
{"bids": [[7466.41, 0.13473944], [7466.4, 3.12756092], [7465.89, 2.0], [7465.18, 0.3]], "asks": [[7470.86, 0.3], [7470.87, 0.155], [7470.94, 0.3], [7470.95, 0.9936], [7471.4, 0.3]], "ts": 1575475473479}
{"bids": [[7466.41, 0.13473944], [7466.4, 3.12756092], [7465.89, 2.0], [7465.18, 0.3]], "asks": [[7470.86, 0.3], [7470.87, 0.155], [7470.94, 0.3], [7470.95, 0.9936], [7471.4, 0.3]], "ts": 1575475473524}
{"bids": [[7466.41, 0.13473944], [7466.4, 3.12756092], [7465.89, 2.0], [7465.18, 0.3]], "asks": [[7470.86, 0.3], [7470.87, 0.155], [7470.94, 0.3], [7470.95, 0.9936], [7471.4, 0.3]], "ts": 1575475473535}
{"bids": [[7466.41, 0.13473944], [7466.4, 3.12756092], [7465.89, 2.0]], "asks": [[7470.86, 0.3], [7470.87, 0.155], [7470.94, 0.3], [7470.95, 0.9936], [7471.4, 0.3]], "ts": 1575475473544}
{"bids": [[7466.41, 0.13473944], [7466.4, 3.12756092], [7465.89, 2.0], [7460.55, 6.0]], "asks": [[7470.86, 0.3], [7470.87, 0.155], [7470.94, 0.3], [7470.95, 0.9936], [7471.4, 0.3]], "ts": 1575475473551}
{"bids": [[7466.41, 0.13473944], [7466.4, 3.12756092], [7465.89, 2.3], [7460.55, 6.0]], "asks": [[7470.86, 0.3], [7470.87, 0.155], [7470.94, 0.3], [7470.95, 0.9936], [7471.4, 0.3]], "ts": 1575475473557}
{"bids": [[7466.41, 0.13473944], [7466.4, 3.12756092], [7465.89, 2.3], [7464.11, 1.0], [7460.55, 6.0]], "asks": [[7470.86, 0.3], [7470.87, 0.155], [7470.94, 0.3], [7470.95, 0.9936], [7471.4, 0.3]], "ts": 1575475473630}
{"bids": [[7466.41, 0.13473944], [7466.4, 3.12756092], [7465.89, 2.3], [7464.11, 1.0], [7460.55, 6.0]], "asks": [[7470.86, 0.3], [7470.87, 0.155], [7470.94, 0.3], [7470.95, 0.9936], [7471.4, 0.3]], "ts": 1575475473682}
{"bids": [[7466.41, 0.13473944], [7466.4, 3.12756092], [7465.89, 2.3], [7464.11, 1.0], [7460.55, 6.0]], "asks": [[7470.86, 0.3], [7470.87, 0.155], [7470.94, 0.3], [7470.95, 0.9936], [7471.4, 0.3]], "ts": 1575475473739}
{"bids": [[7466.41, 0.13473944], [7466.4, 3.12756092], [7465.89, 2.3], [7464.11, 1.0], [7460.55, 6.0]], "asks": [[7470.86, 0.3], [7470.87, 0.155], [7470.94, 0.3], [7470.95, 0.9936], [7471.4, 0.3]], "ts": 1575475473758}
{"bids": [[7466.41, 0.13473944], [7466.4, 3.12756092], [7465.89, 2.3], [7464.11, 1.0], [7460.55, 6.0]], "asks": [[7470.86, 0.3], [7470.87, 0.155], [7470.94, 0.3], [7470.95, 0.9936], [7471.4, 0.3]], "ts": 1575475473845}
{"bids": [[7466.41, 0.13473944], [7466.4, 3.12756092], [7465.89, 2.3], [7464.11, 1.0], [7460.55, 6.0]], "asks": [[7470.86, 0.3], [7470.87, 0.155], [7470.94, 0.3], [7470.95, 0.9936], [7471.4, 0.3]], "ts": 1575475473858}
{"bids": [[7466.41, 0.13473944], [7466.4, 3.12756092], [7465.89, 2.3], [7464.11, 1.0], [7460.55, 6.0]], "asks": [[7470.86, 0.3], [7470.87, 0.155], [7470.94, 0.3], [7470.95, 0.9936], [7471.4, 0.3]], "ts": 1575475473873}
{"bids": [[7466.41, 0.13473944], [7466.4, 3.12756092], [7465.89, 2.0], [7464.11, 1.0], [7460.55, 6.0]], "asks": [[7470.86, 0.3], [7470.87, 0.155], [7470.94, 0.3], [7470.95, 0.9936], [7471.4, 0.3]], "ts": 1575475473887}
{"bids": [[7466.42, 0.3], [7466.41, 0.13473944], [7466.4, 3.12756092], [7465.89, 2.0], [7464.11, 1.0]], "asks": [[7470.86, 0.3], [7470.87, 0.155], [7470.94, 0.3], [7470.95, 0.9936], [7471.4, 0.3]], "ts": 1575475473897}
{"bids": [[7466.42, 0.3], [7466.41, 0.13465944], [7466.4, 3.12756092], [7465.89, 2.0], [7464.11, 1.0]], "asks": [[7470.86, 0.3], [7470.87, 0.155], [7470.94, 0.3], [7470.95, 0.9936], [7471.4, 0.3]], "ts": 1575475473910}
{"bids": [[7466.42, 0.30008], [7466.41, 0.13465944], [7466.4, 3.12756092], [7465.89, 2.0], [7464.11, 1.0]], "asks": [[7470.86, 0.3], [7470.87, 0.155], [7470.94, 0.3], [7470.95, 0.9936], [7471.4, 0.3]], "ts": 1575475473927}
{"bids": [[7466.42, 0.30008], [7466.41, 0.13465944], [7466.4, 2.13426092], [7465.89, 2.0], [7464.11, 1.0]], "asks": [[7470.86, 0.3], [7470.87, 0.155], [7470.94, 0.3], [7470.95, 0.9936], [7471.4, 0.3]], "ts": 1575475473940}
{"bids": [[7466.42, 0.30008], [7466.41, 0.13465944], [7466.4, 2.13426092], [7465.89, 2.0], [7464.11, 1.0]], "asks": [[7470.86, 0.3], [7470.87, 0.155], [7470.94, 0.3], [7470.95, 0.9936], [7471.4, 0.3]], "ts": 1575475473959}
{"bids": [[7466.42, 0.30008], [7466.41, 0.13465944], [7466.4, 2.13426092], [7465.89, 2.0], [7464.11, 1.0]], "asks": [[7470.86, 0.3], [7470.87, 0.155], [7470.94, 0.3], [7470.95, 0.9936], [7471.4, 0.3]], "ts": 1575475473969}
{"bids": [[7466.9, 0.9812], [7466.42, 0.30008], [7466.41, 0.13465944], [7466.4, 2.13426092], [7465.89, 2.0]], "asks": [[7470.86, 0.3], [7470.87, 0.155], [7470.94, 0.3], [7470.95, 0.9936], [7471.4, 0.3]], "ts": 1575475473986}
{"bids": [[7466.91, 2.0], [7466.9, 0.9812], [7466.42, 0.30008], [7466.41, 0.13465944], [7466.4, 2.13426092]], "asks": [[7470.86, 0.3], [7470.87, 0.155], [7470.94, 0.3], [7470.95, 0.9936], [7471.4, 0.3]], "ts": 1575475473999}
{"bids": [[7466.91, 2.0], [7466.9, 0.9812], [7466.42, 0.30008], [7466.41, 0.13465944], [7466.4, 2.13426092]], "asks": [[7470.86, 0.3], [7470.87, 0.155], [7470.94, 0.3], [7470.95, 0.9936], [7471.4, 0.3]], "ts": 1575475474013}
{"bids": [[7466.91, 2.0], [7466.9, 0.9812], [7466.42, 0.3], [7466.41, 0.13465944], [7466.4, 2.13426092]], "asks": [[7470.86, 0.3], [7470.87, 0.155], [7470.94, 0.3], [7470.95, 0.9936], [7471.4, 0.3]], "ts": 1575475474027}
{"bids": [[7466.91, 2.0], [7466.9, 0.9812], [7466.42, 0.3], [7466.41, 0.13465944], [7466.4, 2.13426092]], "asks": [[7470.86, 0.3], [7470.87, 0.155], [7470.94, 0.3], [7470.95, 0.9936], [7471.4, 0.3]], "ts": 1575475474042}
{"bids": [[7466.91, 2.00008], [7466.9, 0.9812], [7466.42, 0.3], [7466.41, 0.13465944], [7466.4, 2.13426092]], "asks": [[7470.86, 0.3], [7470.87, 0.155], [7470.94, 0.3], [7470.95, 0.9936], [7471.4, 0.3]], "ts": 1575475474055}
{"bids": [[7466.91, 2.00008], [7466.9, 0.9812], [7466.41, 0.13465944], [7466.4, 2.13426092]], "asks": [[7470.86, 0.3], [7470.87, 0.155], [7470.94, 0.3], [7470.95, 0.9936], [7471.4, 0.3]], "ts": 1575475474069}
{"bids": [[7466.91, 2.00008], [7466.9, 0.9812], [7466.41, 0.13465944], [7466.4, 2.13426092]], "asks": [[7470.86, 0.3], [7470.87, 0.155], [7470.94, 0.3], [7470.95, 0.9936], [7471.4, 0.3]], "ts": 1575475474083}
{"bids": [[7466.92, 0.3], [7466.91, 2.00008], [7466.9, 0.9812], [7466.41, 0.13465944], [7466.4, 2.13426092]], "asks": [[7470.86, 0.3], [7470.87, 0.155], [7470.94, 0.3], [7470.95, 0.9936], [7471.4, 0.3]], "ts": 1575475474096}
{"bids": [[7466.92, 0.3], [7466.91, 2.00008], [7466.9, 0.9812], [7466.41, 0.13465944], [7466.4, 2.13426092]], "asks": [[7470.86, 0.3], [7470.87, 0.155], [7470.94, 0.3], [7470.95, 0.9936], [7471.4, 0.3]], "ts": 1575475474108}
{"bids": [[7466.92, 0.3], [7466.91, 2.00008], [7466.9, 0.9812], [7466.41, 0.13465944], [7466.4, 2.13426092]], "asks": [[7470.86, 0.3], [7470.87, 0.155], [7470.94, 0.3], [7470.95, 0.9936], [7471.4, 0.3]], "ts": 1575475474124}
{"bids": [[7466.92, 0.3], [7466.91, 2.00008], [7466.9, 0.9812], [7466.41, 0.13465944], [7466.4, 2.13426092]], "asks": [[7470.86, 0.3], [7470.87, 0.155], [7470.94, 0.3], [7470.95, 0.9936], [7471.4, 0.3]], "ts": 1575475474137}
{"bids": [[7466.92, 0.3], [7466.91, 2.0], [7466.9, 0.9812], [7466.41, 0.13465944], [7466.4, 2.13426092]], "asks": [[7470.86, 0.3], [7470.87, 0.155], [7470.94, 0.3], [7470.95, 0.9936], [7471.4, 0.3]], "ts": 1575475474150}
{"bids": [[7466.92, 0.30008], [7466.91, 2.0], [7466.9, 0.9812], [7466.41, 0.13465944], [7466.4, 2.13426092]], "asks": [[7470.86, 0.3], [7470.87, 0.155], [7470.94, 0.3], [7470.95, 0.9936], [7471.4, 0.3]], "ts": 1575475474165}
{"bids": [[7466.92, 0.30008], [7466.91, 2.0], [7466.9, 0.9812], [7466.41, 0.13465944], [7466.4, 2.13426092]], "asks": [[7470.86, 0.3], [7470.87, 0.155], [7470.94, 0.3], [7470.95, 0.9936], [7471.4, 0.3]], "ts": 1575475474178}
{"bids": [[7466.92, 0.30008], [7466.91, 2.0], [7466.9, 0.9812], [7466.44, 0.26883805], [7466.41, 0.13465944]], "asks": [[7470.86, 0.3], [7470.87, 0.155], [7470.94, 0.3], [7470.95, 0.9936], [7471.4, 0.3]], "ts": 1575475474190}
{"bids": [[7466.92, 0.30008], [7466.91, 2.0], [7466.9, 0.9812], [7466.44, 0.26883805], [7466.41, 0.13465944]], "asks": [[7470.86, 0.3], [7470.87, 0.155], [7470.94, 0.3], [7470.95, 0.9936], [7471.4, 0.3]], "ts": 1575475474201}
{"bids": [[7466.92, 0.30008], [7466.91, 2.0], [7466.9, 0.9812], [7466.44, 0.26883805], [7466.41, 0.13465944]], "asks": [[7470.86, 0.3], [7470.87, 0.155], [7470.94, 0.3], [7470.95, 0.9936], [7471.4, 0.3]], "ts": 1575475474208}
{"bids": [[7466.92, 0.30008], [7466.91, 2.0], [7466.9, 0.9812], [7466.44, 0.26883805], [7466.41, 0.13465944]], "asks": [[7470.86, 0.3], [7470.87, 0.155], [7470.94, 0.3], [7470.95, 0.9936], [7471.4, 0.3]], "ts": 1575475474222}
{"bids": [[7466.92, 0.30008], [7466.91, 2.0], [7466.9, 0.9812], [7466.44, 0.26883805], [7466.41, 0.13465944]], "asks": [[7470.86, 0.3], [7470.87, 0.155], [7470.94, 0.3], [7470.95, 0.9936], [7471.4, 0.3]], "ts": 1575475474234}
{"bids": [[7466.92, 0.30008], [7466.91, 2.0], [7466.9, 0.9812], [7466.44, 0.26883805], [7466.41, 0.13465944]], "asks": [[7470.86, 0.3], [7470.87, 0.155], [7470.94, 0.3], [7470.95, 0.9936], [7471.4, 0.3]], "ts": 1575475474248}
{"bids": [[7466.92, 0.30008], [7466.91, 2.0], [7466.9, 0.9812], [7466.44, 0.26883805], [7466.41, 0.13465944]], "asks": [[7470.86, 0.3], [7470.87, 0.155], [7470.94, 0.3], [7470.95, 0.9936], [7471.4, 0.3]], "ts": 1575475474260}
{"bids": [[7466.92, 0.30008], [7466.91, 2.0], [7466.9, 0.9812], [7466.44, 0.26883805], [7466.41, 0.13465944]], "asks": [[7470.86, 0.3], [7470.87, 0.155], [7470.94, 0.3], [7470.95, 0.9936], [7471.4, 0.3]], "ts": 1575475474272}
{"bids": [[7466.92, 0.30008], [7466.91, 2.0], [7466.9, 0.9812], [7466.44, 0.26883805], [7466.41, 0.13465944]], "asks": [[7470.86, 0.3], [7470.87, 0.155], [7470.94, 0.3], [7470.95, 0.9936], [7471.4, 0.3]], "ts": 1575475474285}
{"bids": [[7466.92, 0.30008], [7466.91, 2.0], [7466.9, 0.9812], [7466.44, 0.26883805], [7466.41, 0.13465944]], "asks": [[7470.86, 0.3], [7470.87, 0.155], [7470.94, 0.3], [7470.95, 0.9936], [7471.4, 0.3]], "ts": 1575475474306}
{"bids": [[7466.92, 0.30008], [7466.91, 2.0], [7466.9, 0.9812], [7466.44, 0.26883805], [7466.41, 0.13465944]], "asks": [[7470.86, 0.3], [7470.87, 0.155], [7470.94, 0.3], [7470.95, 0.9936], [7471.4, 0.3]], "ts": 1575475474337}
{"bids": [[7466.95, 0.26798708], [7466.92, 0.30008], [7466.91, 2.0], [7466.9, 0.9812], [7466.44, 0.26883805]], "asks": [[7470.86, 0.3], [7470.87, 0.155], [7470.94, 0.3], [7470.95, 0.9936], [7471.4, 0.3]], "ts": 1575475474424}
{"bids": [[7466.95, 0.26798708], [7466.92, 8e-05], [7466.91, 2.0], [7466.9, 0.9812], [7466.44, 0.26883805]], "asks": [[7470.86, 0.3], [7470.87, 0.155], [7470.94, 0.3], [7470.95, 0.9936], [7471.4, 0.3]], "ts": 1575475474435}
{"bids": [[7466.95, 0.26798708], [7466.92, 8e-05], [7466.91, 2.0], [7466.44, 0.26883805]], "asks": [[7470.86, 0.3], [7470.87, 0.155], [7470.94, 0.3], [7470.95, 0.9936], [7471.4, 0.3]], "ts": 1575475474450}
{"bids": [[7466.96, 0.3], [7466.95, 0.26798708], [7466.92, 8e-05], [7466.91, 2.0], [7466.44, 0.26883805]], "asks": [[7470.86, 0.3], [7470.87, 0.155], [7470.94, 0.3], [7470.95, 0.9936], [7471.4, 0.3]], "ts": 1575475474466}
{"bids": [[7466.97, 2.0], [7466.96, 0.3], [7466.95, 0.26798708], [7466.92, 8e-05], [7466.91, 2.0]], "asks": [[7470.86, 0.3], [7470.87, 0.155], [7470.94, 0.3], [7470.95, 0.9936], [7471.4, 0.3]], "ts": 1575475474479}
{"bids": [[7466.97, 2.0], [7466.96, 0.3], [7466.95, 0.26798708], [7466.92, 8e-05], [7466.91, 2.0]], "asks": [[7470.86, 0.3], [7470.87, 0.155], [7470.94, 0.3], [7470.95, 0.9936], [7471.4, 0.3]], "ts": 1575475474492}
{"bids": [[7466.97, 2.0], [7466.96, 0.3], [7466.95, 0.26798708], [7466.91, 2.0]], "asks": [[7470.86, 0.3], [7470.87, 0.155], [7470.94, 0.3], [7470.95, 0.9936], [7471.4, 0.3]], "ts": 1575475474502}
{"bids": [[7466.97, 2.0], [7466.95, 0.26798708], [7466.91, 2.0]], "asks": [[7470.86, 0.3], [7470.87, 0.155], [7470.94, 0.3], [7470.95, 0.9936], [7471.4, 0.3]], "ts": 1575475474517}
{"bids": [[7466.98, 0.3], [7466.97, 2.0], [7466.95, 0.26798708], [7466.91, 2.0]], "asks": [[7470.86, 0.3], [7470.87, 0.155], [7470.94, 0.3], [7470.95, 0.9936], [7471.4, 0.3]], "ts": 1575475474525}
{"bids": [[7466.98, 0.3], [7466.97, 2.0], [7466.96, 8e-05], [7466.95, 0.26798708], [7466.91, 2.0]], "asks": [[7470.86, 0.3], [7470.87, 0.155], [7470.94, 0.3], [7470.95, 0.9936], [7471.4, 0.3]], "ts": 1575475474532}
{"bids": [[7467.41, 0.9824], [7466.98, 0.3], [7466.97, 2.0], [7466.96, 8e-05], [7466.95, 0.26798708]], "asks": [[7470.86, 0.3], [7470.87, 0.155], [7470.94, 0.3], [7470.95, 0.9936], [7471.4, 0.3]], "ts": 1575475474538}
{"bids": [[7467.42, 2.0], [7467.41, 0.9824], [7466.98, 0.3], [7466.97, 2.0], [7466.96, 8e-05]], "asks": [[7470.86, 0.3], [7470.87, 0.155], [7470.94, 0.3], [7470.95, 0.9936], [7471.4, 0.3]], "ts": 1575475474544}
{"bids": [[7467.42, 2.0], [7467.41, 0.9824], [7466.98, 0.3], [7466.97, 2.0], [7466.96, 8e-05]], "asks": [[7470.86, 0.3], [7470.87, 0.155], [7470.94, 0.3], [7470.95, 0.9936], [7471.4, 0.3]], "ts": 1575475474549}
{"bids": [[7467.42, 2.0], [7467.41, 0.9824], [7466.97, 2.0], [7466.96, 8e-05]], "asks": [[7470.86, 0.3], [7470.87, 0.155], [7470.94, 0.3], [7470.95, 0.9936], [7471.4, 0.3]], "ts": 1575475474554}
{"bids": [[7467.43, 0.3], [7467.42, 2.0], [7467.41, 0.9824], [7466.97, 2.0], [7466.96, 8e-05]], "asks": [[7470.86, 0.3], [7470.87, 0.155], [7470.94, 0.3], [7470.95, 0.9936], [7471.4, 0.3]], "ts": 1575475474562}
{"bids": [[7467.43, 0.3], [7467.42, 2.0], [7467.41, 0.9824], [7466.97, 2.0]], "asks": [[7470.86, 0.3], [7470.87, 0.155], [7470.94, 0.3], [7470.95, 0.9936], [7471.4, 0.3]], "ts": 1575475474568}
{"bids": [[7467.43, 0.30008], [7467.42, 2.0], [7467.41, 0.9824], [7466.97, 2.0]], "asks": [[7470.86, 0.3], [7470.87, 0.155], [7470.94, 0.3], [7470.95, 0.9936], [7471.4, 0.3]], "ts": 1575475474574}
{"bids": [[7467.43, 0.30008], [7467.42, 2.0], [7467.41, 0.9824], [7466.97, 2.0]], "asks": [[7470.86, 0.3], [7470.87, 0.155], [7470.94, 0.3], [7470.95, 0.9936], [7471.4, 0.3]], "ts": 1575475474633}
{"bids": [[7467.43, 0.30008], [7467.42, 2.0], [7467.41, 0.9824], [7466.97, 2.0], [7453.54, 0.15772678]], "asks": [[7470.86, 0.3], [7470.87, 0.155], [7470.94, 0.3], [7470.95, 0.9936], [7471.4, 0.3]], "ts": 1575475474904}
{"bids": [[7467.43, 0.30008], [7467.42, 2.0], [7467.41, 0.9824], [7466.97, 2.0], [7453.54, 0.15772678]], "asks": [[7470.86, 0.3], [7470.87, 0.155], [7470.94, 0.3], [7470.95, 0.9936], [7471.4, 0.3]], "ts": 1575475474916}
{"bids": [[7467.43, 0.30008], [7467.42, 2.0], [7467.41, 0.9824], [7466.97, 2.0], [7453.54, 0.15772678]], "asks": [[7470.86, 0.3], [7470.87, 0.155], [7470.94, 0.3], [7470.95, 0.9936], [7471.4, 0.3]], "ts": 1575475474931}
{"bids": [[7467.43, 0.30008], [7467.42, 2.0], [7467.41, 0.9824], [7466.97, 2.0], [7453.54, 0.15772678]], "asks": [[7470.86, 0.3], [7470.87, 0.155], [7470.94, 0.3], [7470.95, 0.9936], [7471.4, 0.3]], "ts": 1575475474948}
{"bids": [[7467.43, 0.30008], [7467.42, 2.0], [7467.41, 0.9824], [7466.97, 2.0], [7453.54, 0.15772678]], "asks": [[7470.86, 0.3], [7470.87, 0.155], [7470.94, 0.3], [7470.95, 0.9936], [7471.4, 0.3]], "ts": 1575475474959}
{"bids": [[7467.43, 0.30008], [7467.42, 2.0], [7466.97, 2.0], [7453.54, 0.15772678]], "asks": [[7470.86, 0.3], [7470.87, 0.155], [7470.94, 0.3], [7470.95, 0.9936], [7471.4, 0.3]], "ts": 1575475474967}
{"bids": [[7467.43, 0.30008], [7467.42, 2.0], [7453.54, 0.15772678]], "asks": [[7470.86, 0.3], [7470.87, 0.155], [7470.94, 0.3], [7470.95, 0.9936], [7471.4, 0.3]], "ts": 1575475474973}
{"bids": [[7467.43, 0.30008], [7467.42, 2.0], [7453.54, 0.15772678]], "asks": [[7470.86, 0.3], [7470.87, 0.155], [7470.94, 0.3], [7470.95, 0.9936], [7471.4, 0.3]], "ts": 1575475474976}
{"bids": [[7467.43, 0.30008], [7467.42, 2.9891], [7453.54, 0.15772678]], "asks": [[7470.86, 0.3], [7470.87, 0.155], [7470.94, 0.3], [7470.95, 0.9936], [7471.4, 0.3]], "ts": 1575475474998}
{"bids": [[7467.43, 0.30008], [7467.42, 2.9891], [7453.54, 0.15772678]], "asks": [[7470.86, 0.3], [7470.87, 0.155], [7470.94, 0.3], [7470.95, 0.9936], [7471.4, 0.3]], "ts": 1575475475023}
{"bids": [[7467.43, 0.30008], [7467.42, 2.9891], [7453.54, 0.15772678], [7451.0, 0.511]], "asks": [[7470.86, 0.3], [7470.87, 0.155], [7470.94, 0.3], [7470.95, 0.9936], [7471.4, 0.3]], "ts": 1575475475071}
{"bids": [[7467.43, 0.30008], [7467.42, 2.9891], [7453.54, 0.15772678], [7451.0, 0.511]], "asks": [[7470.86, 0.3], [7470.87, 0.155], [7470.94, 0.3], [7470.95, 0.9936], [7471.4, 0.3]], "ts": 1575475475077}
{"bids": [[7467.43, 0.30008], [7467.42, 2.9891], [7453.54, 0.15772678], [7451.0, 0.511]], "asks": [[7470.86, 0.3], [7470.87, 0.155], [7470.94, 0.3], [7470.95, 0.9936], [7471.4, 0.3]], "ts": 1575475475085}
{"bids": [[7467.43, 0.30008], [7467.42, 2.9891], [7453.54, 0.15772678]], "asks": [[7470.86, 0.3], [7470.87, 0.155], [7470.94, 0.3], [7470.95, 0.9936], [7471.4, 0.3]], "ts": 1575475475105}
{"bids": [[7467.43, 0.30008], [7467.42, 2.9891], [7453.54, 0.15772678], [7451.0, 0.511]], "asks": [[7470.86, 0.3], [7470.87, 0.155], [7470.94, 0.3], [7470.95, 0.9936], [7471.4, 0.3]], "ts": 1575475475163}
{"bids": [[7467.43, 8e-05], [7467.42, 2.9891], [7453.54, 0.15772678], [7451.0, 0.511]], "asks": [[7470.86, 0.3], [7470.87, 0.155], [7470.94, 0.3], [7470.95, 0.9936], [7471.4, 0.3]], "ts": 1575475475195}
{"bids": [[7467.43, 8e-05], [7467.42, 2.9891], [7453.54, 0.15772678]], "asks": [[7470.86, 0.3], [7470.87, 0.155], [7470.94, 0.3], [7470.95, 0.9936], [7471.4, 0.3]], "ts": 1575475475207}
{"bids": [[7467.43, 8e-05], [7467.42, 2.9891], [7453.54, 0.15772678]], "asks": [[7470.86, 0.3], [7470.87, 0.155], [7470.94, 0.3], [7470.95, 0.9936], [7471.4, 0.3]], "ts": 1575475475220}
{"bids": [[7467.43, 8e-05], [7467.42, 2.9891], [7466.15, 0.3], [7453.54, 0.15772678]], "asks": [[7470.86, 0.3], [7470.87, 0.155], [7470.94, 0.3], [7470.95, 0.9936], [7471.4, 0.3]], "ts": 1575475475230}
{"bids": [[7467.43, 8e-05], [7467.42, 2.9891], [7466.15, 0.3], [7453.54, 0.15772678]], "asks": [[7470.86, 0.3], [7470.87, 0.155], [7470.94, 0.3], [7470.95, 0.9936], [7471.4, 0.3]], "ts": 1575475475241}
{"bids": [[7467.42, 2.9891], [7466.15, 0.3], [7453.54, 0.15772678]], "asks": [[7470.86, 0.3], [7470.87, 0.155], [7470.94, 0.3], [7470.95, 0.9936], [7471.4, 0.3]], "ts": 1575475475253}
{"bids": [[7467.42, 2.98918], [7466.15, 0.3], [7453.54, 0.15772678]], "asks": [[7470.86, 0.3], [7470.87, 0.155], [7470.94, 0.3], [7470.95, 0.9936], [7471.4, 0.3]], "ts": 1575475475263}
{"bids": [[7467.42, 2.00008], [7466.15, 0.3], [7453.54, 0.15772678]], "asks": [[7470.86, 0.3], [7470.87, 0.155], [7470.94, 0.3], [7470.95, 0.9936], [7471.4, 0.3]], "ts": 1575475475294}
{"bids": [[7467.42, 2.00008], [7466.15, 0.3], [7453.54, 0.15772678], [7450.0, 1.52]], "asks": [[7470.86, 0.3], [7470.87, 0.155], [7470.94, 0.3], [7470.95, 0.9936], [7471.4, 0.3]], "ts": 1575475475303}
{"bids": [[7467.42, 2.00008], [7466.15, 0.3], [7453.54, 0.15772678], [7450.0, 1.52]], "asks": [[7470.86, 0.3], [7470.87, 0.155], [7470.94, 0.3], [7470.95, 0.9936], [7471.4, 0.3]], "ts": 1575475475329}
{"bids": [[7467.42, 2.00008], [7466.15, 0.3], [7460.45, 6.0], [7453.54, 0.15772678], [7450.0, 1.52]], "asks": [[7470.86, 0.3], [7470.87, 0.155], [7470.94, 0.3], [7470.95, 0.9936], [7471.4, 0.3]], "ts": 1575475475340}
{"bids": [[7467.42, 2.00008], [7466.15, 0.3], [7460.45, 6.0], [7453.54, 0.15772678], [7450.0, 1.52]], "asks": [[7470.86, 0.3], [7470.87, 0.155], [7470.94, 0.3], [7470.95, 0.9936], [7471.4, 0.3]], "ts": 1575475475366}
{"bids": [[7467.42, 2.00008], [7466.15, 0.3], [7460.45, 6.0], [7453.54, 0.15772678], [7450.0, 1.52]], "asks": [[7470.86, 0.3], [7470.87, 0.155], [7470.94, 0.3], [7470.95, 0.9936], [7471.4, 0.3]], "ts": 1575475475374}
{"bids": [[7467.42, 2.00008], [7466.15, 0.3], [7460.45, 6.0], [7453.54, 0.15772678], [7450.0, 1.52]], "asks": [[7470.86, 0.3], [7470.87, 0.155], [7470.94, 0.3], [7470.95, 0.9936], [7471.4, 0.3]], "ts": 1575475475387}
{"bids": [[7467.42, 2.00008], [7466.15, 0.3], [7460.45, 6.0], [7453.54, 0.15772678], [7450.0, 0.7]], "asks": [[7470.86, 0.3], [7470.87, 0.155], [7470.94, 0.3], [7470.95, 0.9936], [7471.4, 0.3]], "ts": 1575475475476}
{"bids": [[7467.42, 2.00008], [7466.15, 0.3], [7460.45, 6.0], [7453.54, 0.15772678], [7450.0, 0.7]], "asks": [[7470.86, 0.3], [7470.87, 0.155], [7470.94, 0.3], [7470.95, 0.9936], [7471.4, 0.3]], "ts": 1575475475521}
{"bids": [[7467.42, 2.00008], [7466.15, 0.3], [7460.45, 6.0], [7453.54, 0.15772678], [7450.0, 1.52]], "asks": [[7470.86, 0.3], [7470.87, 0.155], [7470.94, 0.3], [7470.95, 0.9936], [7471.4, 0.3]], "ts": 1575475475535}
{"bids": [[7467.42, 2.00008], [7466.15, 0.3], [7460.45, 6.0], [7453.54, 0.15772678], [7450.0, 0.7]], "asks": [[7470.86, 0.3], [7470.87, 0.155], [7470.94, 0.3], [7470.95, 0.9936], [7471.4, 0.3]], "ts": 1575475475550}
{"bids": [[7467.42, 2.00008], [7466.15, 0.3], [7460.45, 6.0], [7453.54, 0.15772678], [7450.0, 0.7]], "asks": [[7470.86, 0.3], [7470.87, 0.155], [7470.94, 0.3], [7470.95, 0.9936], [7471.4, 0.3]], "ts": 1575475475564}
{"bids": [[7467.42, 2.00008], [7466.15, 0.3], [7464.12, 0.13459457], [7460.45, 6.0], [7453.54, 0.15772678]], "asks": [[7470.86, 0.3], [7470.87, 0.155], [7470.94, 0.3], [7470.95, 0.9936], [7471.4, 0.3]], "ts": 1575475475575}
{"bids": [[7467.42, 2.00008], [7466.15, 0.3], [7464.12, 0.13459457], [7460.45, 6.0], [7453.54, 0.15772678]], "asks": [[7470.86, 0.3], [7470.87, 0.155], [7470.94, 0.3], [7470.95, 0.9936], [7471.4, 0.3]], "ts": 1575475475591}
{"bids": [[7467.42, 2.00008], [7466.15, 0.3], [7464.12, 0.13459457], [7460.45, 6.0], [7453.54, 0.15772678]], "asks": [[7470.86, 0.3], [7470.87, 0.155], [7470.94, 0.3], [7470.95, 0.9936], [7471.4, 0.3]], "ts": 1575475475678}
{"bids": [[7467.42, 2.00008], [7464.12, 0.13459457], [7460.45, 6.0], [7453.54, 0.15772678]], "asks": [[7470.86, 0.3], [7470.87, 0.155], [7470.94, 0.3], [7470.95, 0.9936], [7471.4, 0.3]], "ts": 1575475476032}
{"bids": [[7467.42, 2.00008], [7464.12, 0.13459457], [7460.45, 6.0], [7453.54, 0.15772678]], "asks": [[7470.86, 0.3], [7470.87, 0.155], [7470.94, 0.3], [7470.95, 0.9936], [7471.4, 0.3]], "ts": 1575475476043}
{"bids": [[7467.42, 2.00008], [7465.39, 0.3], [7464.12, 0.13459457], [7460.45, 6.0], [7453.54, 0.15772678]], "asks": [[7470.86, 0.3], [7470.87, 0.155], [7470.94, 0.3], [7470.95, 0.9936], [7471.4, 0.3]], "ts": 1575475476059}
{"bids": [[7467.42, 2.00008], [7466.88, 0.9842], [7465.39, 0.3], [7464.12, 0.13459457], [7460.45, 6.0]], "asks": [[7470.86, 0.3], [7470.87, 0.155], [7470.94, 0.3], [7470.95, 0.9936], [7471.4, 0.3]], "ts": 1575475476075}
{"bids": [[7467.42, 2.00008], [7466.88, 0.9842], [7465.39, 0.3], [7464.12, 0.13459457], [7460.45, 6.0]], "asks": [[7470.86, 0.3], [7470.87, 0.155], [7470.94, 0.3], [7470.95, 0.9936], [7471.4, 0.3]], "ts": 1575475476083}
{"bids": [[7467.42, 2.00008], [7466.88, 0.9842], [7465.39, 0.3], [7464.12, 0.13459457], [7460.45, 6.0]], "asks": [[7470.86, 0.3], [7470.87, 0.155], [7470.94, 0.3], [7470.95, 0.9936], [7471.4, 0.3]], "ts": 1575475476091}
{"bids": [[7467.42, 2.00008], [7466.88, 0.9842], [7465.39, 0.3], [7464.12, 0.13459457], [7460.45, 6.0]], "asks": [[7470.86, 0.3], [7470.87, 0.155], [7470.94, 0.3], [7470.95, 0.9936], [7471.4, 0.3]], "ts": 1575475476096}
{"bids": [[7467.42, 2.00008], [7466.88, 0.9842], [7465.39, 0.3], [7464.12, 0.13459457], [7460.45, 6.0]], "asks": [[7470.86, 0.3], [7470.87, 0.155], [7470.94, 0.3], [7470.95, 0.9936], [7471.4, 0.3]], "ts": 1575475476315}
{"bids": [[7467.42, 2.00008], [7466.88, 0.9842], [7465.39, 0.3], [7464.12, 0.13459457], [7460.45, 6.0]], "asks": [[7470.86, 0.3], [7470.87, 0.155], [7470.94, 0.3], [7470.95, 0.9936], [7471.4, 0.3]], "ts": 1575475476645}
{"bids": [[7467.42, 2.00008], [7466.88, 0.9842], [7464.12, 0.13459457], [7460.45, 6.0]], "asks": [[7470.86, 0.3], [7470.87, 0.155], [7470.94, 0.3], [7470.95, 0.9936], [7471.4, 0.3]], "ts": 1575475476652}
{"bids": [[7467.42, 2.00008], [7466.88, 0.9842], [7464.12, 0.13459457], [7460.45, 6.0], [7448.51, 12.0]], "asks": [[7470.86, 0.3], [7470.87, 0.155], [7470.94, 0.3], [7470.95, 0.9936], [7471.4, 0.3]], "ts": 1575475476654}
{"bids": [[7467.42, 2.00008], [7466.88, 0.9842], [7464.12, 0.13459457], [7460.45, 6.0], [7448.51, 12.0]], "asks": [[7470.86, 0.3], [7470.87, 0.155], [7470.94, 0.3], [7470.95, 0.9936], [7471.4, 0.3]], "ts": 1575475476665}
{"bids": [[7467.42, 2.00008], [7466.88, 0.9842], [7464.53, 0.3], [7464.12, 0.13459457], [7460.45, 6.0]], "asks": [[7470.86, 0.3], [7470.87, 0.155], [7470.94, 0.3], [7470.95, 0.9936], [7471.4, 0.3]], "ts": 1575475476672}
{"bids": [[7467.42, 8e-05], [7466.88, 0.9842], [7464.53, 0.3], [7464.12, 0.13459457], [7460.45, 6.0]], "asks": [[7470.86, 0.3], [7470.87, 0.155], [7470.94, 0.3], [7470.95, 0.9936], [7471.4, 0.3]], "ts": 1575475476678}
{"bids": [[7466.88, 0.9842], [7464.53, 0.3], [7464.12, 0.13459457], [7460.45, 6.0]], "asks": [[7470.86, 0.3], [7470.87, 0.155], [7470.94, 0.3], [7470.95, 0.9936], [7471.4, 0.3]], "ts": 1575475476688}
{"bids": [[7466.95, 0.26806708], [7466.88, 0.9842], [7464.53, 0.3], [7464.12, 0.13459457], [7460.45, 6.0]], "asks": [[7470.86, 0.3], [7470.87, 0.155], [7470.94, 0.3], [7470.95, 0.9936], [7471.4, 0.3]], "ts": 1575475476696}
{"bids": [[7466.95, 0.26806708], [7466.88, 0.9842], [7464.53, 0.3], [7464.12, 0.13459457], [7460.45, 6.0]], "asks": [[7470.86, 0.3], [7470.87, 0.155], [7470.94, 0.3], [7470.95, 0.9936], [7471.4, 0.3]], "ts": 1575475476708}
{"bids": [[7466.95, 0.26806708], [7466.88, 0.9842], [7464.53, 0.3], [7464.12, 0.13459457], [7460.45, 6.0]], "asks": [[7470.86, 0.3], [7470.87, 0.155], [7470.94, 0.3], [7470.95, 0.9936], [7471.4, 0.3]], "ts": 1575475476717}
{"bids": [[7466.95, 0.26806708], [7466.88, 0.9842], [7464.53, 0.3], [7464.12, 0.13459457], [7460.45, 6.0]], "asks": [[7470.86, 0.3], [7470.87, 0.155], [7470.94, 0.3], [7470.95, 0.9936], [7471.4, 0.3]], "ts": 1575475476725}
{"bids": [[7466.95, 0.26806708], [7466.88, 0.9842], [7464.53, 0.3], [7464.12, 0.13459457], [7460.45, 6.0]], "asks": [[7470.86, 0.3], [7470.87, 0.155], [7470.94, 0.3], [7470.95, 0.9936], [7471.4, 0.3]], "ts": 1575475476733}
{"bids": [[7466.95, 0.26806708], [7464.53, 0.3], [7464.12, 0.13459457], [7460.45, 6.0]], "asks": [[7470.86, 0.3], [7470.87, 0.155], [7470.94, 0.3], [7470.95, 0.9936], [7471.4, 0.3]], "ts": 1575475476745}
{"bids": [[7466.98, 0.9956], [7466.95, 0.26806708], [7464.53, 0.3], [7464.12, 0.13459457], [7460.45, 6.0]], "asks": [[7470.86, 0.3], [7470.87, 0.155], [7470.94, 0.3], [7470.95, 0.9936], [7471.4, 0.3]], "ts": 1575475476754}
{"bids": [[7466.98, 0.9956], [7466.95, 0.26798708], [7464.53, 0.3], [7464.12, 0.13459457], [7460.45, 6.0]], "asks": [[7470.86, 0.3], [7470.87, 0.155], [7470.94, 0.3], [7470.95, 0.9936], [7471.4, 0.3]], "ts": 1575475476760}
{"bids": [[7466.98, 0.99568], [7466.95, 0.26798708], [7464.53, 0.3], [7464.12, 0.13459457], [7460.45, 6.0]], "asks": [[7470.86, 0.3], [7470.87, 0.155], [7470.94, 0.3], [7470.95, 0.9936], [7471.4, 0.3]], "ts": 1575475476766}
{"bids": [[7466.98, 0.99568], [7466.95, 0.26798708], [7464.53, 0.3], [7464.12, 0.13459457], [7460.45, 6.0]], "asks": [[7470.86, 0.3], [7470.87, 0.155], [7470.94, 0.3], [7470.95, 0.9936], [7471.4, 0.3]], "ts": 1575475477055}
{"bids": [[7466.98, 8e-05], [7466.95, 0.26798708], [7464.53, 0.3], [7464.12, 0.13459457], [7460.45, 6.0]], "asks": [[7470.86, 0.3], [7470.87, 0.155], [7470.94, 0.3], [7470.95, 0.9936], [7471.4, 0.3]], "ts": 1575475477086}
{"bids": [[7466.98, 8e-05], [7466.95, 0.26798708], [7464.53, 0.3], [7464.12, 0.13459457], [7460.45, 6.0]], "asks": [[7470.86, 0.3], [7470.87, 0.155], [7470.94, 0.3], [7470.95, 0.9936], [7471.4, 0.3]], "ts": 1575475477105}
{"bids": [[7466.95, 0.26798708], [7464.53, 0.3], [7464.12, 0.13459457], [7460.45, 6.0]], "asks": [[7470.86, 0.3], [7470.87, 0.155], [7470.94, 0.3], [7470.95, 0.9936], [7471.4, 0.3]], "ts": 1575475477114}
{"bids": [[7466.95, 0.26798708], [7464.53, 0.3], [7464.12, 0.13459457], [7460.45, 6.0]], "asks": [[7470.86, 0.3], [7470.87, 0.155], [7470.94, 0.3], [7470.95, 0.9936], [7471.4, 0.3]], "ts": 1575475477121}
{"bids": [[7466.95, 0.26798708], [7464.54, 0.13974331], [7464.53, 0.3], [7464.12, 0.13459457], [7460.45, 6.0]], "asks": [[7470.86, 0.3], [7470.87, 0.155], [7470.94, 0.3], [7470.95, 0.9936], [7471.4, 0.3]], "ts": 1575475477126}
{"bids": [[7466.95, 0.26798708], [7466.45, 0.13974331], [7464.54, 0.13974331], [7464.53, 0.3], [7464.12, 0.13459457]], "asks": [[7470.86, 0.3], [7470.87, 0.155], [7470.94, 0.3], [7470.95, 0.9936], [7471.4, 0.3]], "ts": 1575475477129}
{"bids": [[7466.95, 0.26798708], [7466.45, 0.13974331], [7464.53, 0.3], [7464.12, 0.13459457]], "asks": [[7470.86, 0.3], [7470.87, 0.155], [7470.94, 0.3], [7470.95, 0.9936], [7471.4, 0.3]], "ts": 1575475477134}
{"bids": [[7466.95, 0.26806708], [7466.45, 0.13974331], [7464.53, 0.3], [7464.12, 0.13459457]], "asks": [[7470.86, 0.3], [7470.87, 0.155], [7470.94, 0.3], [7470.95, 0.9936], [7471.4, 0.3]], "ts": 1575475477135}
{"bids": [[7466.95, 0.26806708], [7466.45, 0.13974331], [7464.53, 0.3], [7464.12, 0.13459457]], "asks": [[7470.86, 0.3], [7470.87, 0.155], [7470.94, 0.3], [7470.95, 0.9936], [7471.4, 0.3]], "ts": 1575475477142}
{"bids": [[7466.95, 0.26806708], [7464.53, 0.3], [7464.12, 0.13459457]], "asks": [[7470.86, 0.3], [7470.87, 0.155], [7470.94, 0.3], [7470.95, 0.9936], [7471.4, 0.3]], "ts": 1575475477148}
{"bids": [[7466.95, 0.26806708], [7464.54, 0.13974331], [7464.53, 0.3], [7464.12, 0.13459457]], "asks": [[7470.86, 0.3], [7470.87, 0.155], [7470.94, 0.3], [7470.95, 0.9936], [7471.4, 0.3]], "ts": 1575475477150}
{"bids": [[7466.95, 0.26806708], [7464.54, 0.13974331], [7464.53, 0.3], [7464.12, 0.13459457]], "asks": [[7470.86, 0.3], [7470.87, 0.155], [7470.94, 0.3], [7470.95, 0.9936], [7471.4, 0.3]], "ts": 1575475477208}
