{"bids": [[0.01999, 9.4], [0.01998, 140.0], [0.01997, 8.792903], [0.01996, 315.419], [0.01995, 3.81]], "asks": [[0.02001, 42.8312], [0.02002, 167.306], [0.02003, 3.8], [0.02004, 280.0], [0.02005, 93.24]], "ts": 1575476721719}
{"bids": [[0.01999, 9.4], [0.01998, 140.0], [0.01997, 8.792903], [0.01996, 315.419], [0.01995, 3.81]], "asks": [[0.02001, 37.4312], [0.02002, 167.306], [0.02003, 3.8], [0.02004, 280.0], [0.02005, 93.24]], "ts": 1575476722361}
{"bids": [[0.01999, 4.0], [0.01998, 140.0], [0.01997, 8.792903], [0.01996, 315.419], [0.01995, 3.81]], "asks": [[0.02001, 37.4312], [0.02002, 167.306], [0.02003, 3.8], [0.02004, 280.0], [0.02005, 93.24]], "ts": 1575476722365}
{"bids": [[0.01999, 4.0], [0.01997, 8.792903], [0.01996, 315.419], [0.01995, 3.81]], "asks": [[0.02001, 37.4312], [0.02002, 167.306], [0.02003, 3.8], [0.02004, 280.0], [0.02005, 93.24]], "ts": 1575476722374}
{"bids": [[0.01999, 4.0], [0.01997, 8.792903], [0.01996, 315.419], [0.01995, 3.81]], "asks": [[0.02001, 37.4312], [0.02002, 27.306], [0.02003, 3.8], [0.02004, 280.0], [0.02005, 93.24]], "ts": 1575476722380}
{"bids": [[0.01999, 4.0], [0.01997, 8.792903], [0.01996, 35.419], [0.01995, 3.81]], "asks": [[0.02001, 37.4312], [0.02002, 27.306], [0.02003, 3.8], [0.02004, 280.0], [0.02005, 93.24]], "ts": 1575476722390}
{"bids": [[0.01999, 4.0], [0.01998, 140.0], [0.01997, 8.792903], [0.01996, 35.419], [0.01995, 3.81]], "asks": [[0.02001, 37.4312], [0.02002, 27.306], [0.02003, 3.8], [0.02004, 280.0], [0.02005, 93.24]], "ts": 1575476722488}
{"bids": [[0.01999, 4.0], [0.01998, 140.0], [0.01997, 8.792903], [0.01996, 35.419], [0.01995, 3.81]], "asks": [[0.02001, 37.4312], [0.02002, 167.306], [0.02003, 3.8], [0.02004, 280.0], [0.02005, 93.24]], "ts": 1575476722500}
{"bids": [[0.01999, 4.0], [0.01998, 140.0], [0.01997, 8.792903], [0.01996, 315.419], [0.01995, 3.81]], "asks": [[0.02001, 37.4312], [0.02002, 167.306], [0.02003, 3.8], [0.02004, 280.0], [0.02005, 93.24]], "ts": 1575476722514}
{"bids": [[0.01999, 4.0], [0.01998, 140.0], [0.01997, 8.792903], [0.01996, 315.419], [0.01995, 3.81]], "asks": [[0.02001, 37.4312], [0.02002, 167.306], [0.02003, 3.8], [0.02004, 280.0], [0.02005, 93.24]], "ts": 1575476722528}
{"bids": [[0.01999, 9.4], [0.01998, 140.0], [0.01997, 8.792903], [0.01996, 315.419], [0.01995, 3.81]], "asks": [[0.02001, 37.4312], [0.02002, 167.306], [0.02003, 3.8], [0.02004, 280.0], [0.02005, 93.24]], "ts": 1575476722536}
{"bids": [[0.01999, 9.4], [0.01998, 140.0], [0.01997, 8.792903], [0.01996, 315.419], [0.01995, 3.81]], "asks": [[0.02001, 42.8312], [0.02002, 167.306], [0.02003, 3.8], [0.02004, 280.0], [0.02005, 93.24]], "ts": 1575476722547}
{"bids": [[0.01999, 9.4], [0.01997, 8.792903], [0.01996, 315.419], [0.01995, 3.81]], "asks": [[0.02001, 42.8312], [0.02002, 167.306], [0.02003, 3.8], [0.02004, 280.0], [0.02005, 93.24]], "ts": 1575476722918}
{"bids": [[0.01999, 9.4], [0.01997, 8.792903], [0.01996, 315.419], [0.01995, 3.81]], "asks": [[0.02001, 42.8312], [0.02002, 27.306], [0.02003, 3.8], [0.02004, 280.0], [0.02005, 93.24]], "ts": 1575476722932}
{"bids": [[0.01999, 9.4], [0.01997, 8.792903], [0.01996, 35.419], [0.01995, 3.81]], "asks": [[0.02001, 42.8312], [0.02002, 27.306], [0.02003, 3.8], [0.02004, 280.0], [0.02005, 93.24]], "ts": 1575476722943}
{"bids": [[0.01999, 4.0], [0.01997, 8.792903], [0.01996, 35.419], [0.01995, 3.81]], "asks": [[0.02001, 42.8312], [0.02002, 27.306], [0.02003, 3.8], [0.02004, 280.0], [0.02005, 93.24]], "ts": 1575476722957}
{"bids": [[0.01999, 4.0], [0.01997, 8.792903], [0.01996, 35.419], [0.01995, 3.81]], "asks": [[0.02001, 37.4312], [0.02002, 27.306], [0.02003, 3.8], [0.02004, 280.0], [0.02005, 93.24]], "ts": 1575476722972}
{"bids": [[0.01999, 4.0], [0.01997, 4.0], [0.01996, 35.419], [0.01995, 3.81]], "asks": [[0.02001, 37.4312], [0.02002, 27.306], [0.02003, 3.8], [0.02004, 280.0], [0.02005, 93.24]], "ts": 1575476723089}
{"bids": [[0.01999, 4.0], [0.01996, 35.419], [0.01995, 3.81]], "asks": [[0.02001, 37.4312], [0.02002, 27.306], [0.02003, 3.8], [0.02004, 280.0], [0.02005, 93.24]], "ts": 1575476723103}
{"bids": [[0.01999, 9.165991], [0.01996, 35.419], [0.01995, 3.81]], "asks": [[0.02001, 37.4312], [0.02002, 27.306], [0.02003, 3.8], [0.02004, 280.0], [0.02005, 93.24]], "ts": 1575476723117}
{"bids": [[0.01999, 4.0], [0.01996, 35.419], [0.01995, 3.81]], "asks": [[0.02001, 37.4312], [0.02002, 27.306], [0.02003, 3.8], [0.02004, 280.0], [0.02005, 93.24]], "ts": 1575476723598}
{"bids": [[0.01999, 4.0], [0.01998, 5.40469], [0.01996, 35.419], [0.01995, 3.81]], "asks": [[0.02001, 37.4312], [0.02002, 27.306], [0.02003, 3.8], [0.02004, 280.0], [0.02005, 93.24]], "ts": 1575476723611}
{"bids": [[0.01999, 4.0], [0.01998, 5.40469], [0.01996, 35.419], [0.01995, 3.81]], "asks": [[0.02001, 37.4312], [0.02002, 27.306], [0.02003, 3.8], [0.02004, 72.3], [0.02005, 93.24]], "ts": 1575476723623}
{"bids": [[0.01999, 4.0], [0.01998, 145.40469], [0.01996, 35.419], [0.01995, 3.81]], "asks": [[0.02001, 37.4312], [0.02002, 27.306], [0.02003, 3.8], [0.02004, 72.3], [0.02005, 93.24]], "ts": 1575476723639}
{"bids": [[0.01999, 4.0], [0.01998, 145.40469], [0.01996, 35.419], [0.01995, 3.81]], "asks": [[0.02001, 37.4312], [0.02002, 167.306], [0.02003, 3.8], [0.02004, 72.3], [0.02005, 93.24]], "ts": 1575476723651}
{"bids": [[0.01999, 4.0], [0.01998, 145.40469], [0.01996, 315.419], [0.01995, 3.81]], "asks": [[0.02001, 37.4312], [0.02002, 167.306], [0.02003, 3.8], [0.02004, 72.3], [0.02005, 93.24]], "ts": 1575476723666}
{"bids": [[0.01999, 4.0], [0.01998, 145.40469], [0.01996, 315.419], [0.01995, 3.81]], "asks": [[0.02001, 37.4312], [0.02002, 167.306], [0.02003, 3.8], [0.02004, 352.3], [0.02005, 93.24]], "ts": 1575476723679}
{"bids": [[0.01999, 9.4], [0.01998, 145.40469], [0.01996, 315.419], [0.01995, 3.81]], "asks": [[0.02001, 37.4312], [0.02002, 167.306], [0.02003, 3.8], [0.02004, 352.3], [0.02005, 93.24]], "ts": 1575476723693}
{"bids": [[0.01999, 9.4], [0.01998, 145.40469], [0.01996, 315.419], [0.01995, 3.81]], "asks": [[0.02001, 42.8312], [0.02002, 167.306], [0.02003, 3.8], [0.02004, 352.3], [0.02005, 93.24]], "ts": 1575476723707}
{"bids": [[0.01999, 9.4], [0.01998, 145.40469], [0.01996, 315.419], [0.01995, 3.81]], "asks": [[0.02001, 42.8312], [0.02002, 167.306], [0.02003, 3.8], [0.02004, 352.3], [0.02005, 93.24]], "ts": 1575476723869}
{"bids": [[0.01999, 9.4], [0.01998, 145.40469], [0.01996, 315.419], [0.01995, 3.81]], "asks": [[0.02001, 42.8312], [0.02002, 167.306], [0.02003, 3.8], [0.02004, 72.3], [0.02005, 93.24]], "ts": 1575476724675}
{"bids": [[0.01999, 9.4], [0.01998, 145.40469], [0.01996, 315.419], [0.01995, 3.81]], "asks": [[0.02001, 42.8312], [0.02002, 167.306], [0.02003, 283.8], [0.02004, 72.3], [0.02005, 93.24]], "ts": 1575476724696}
{"bids": [[0.01999, 9.4], [0.01998, 5.40469], [0.01996, 315.419], [0.01995, 3.81]], "asks": [[0.02001, 42.8312], [0.02002, 167.306], [0.02003, 283.8], [0.02004, 72.3], [0.02005, 93.24]], "ts": 1575476725634}
{"bids": [[0.01999, 9.4], [0.01998, 5.40469], [0.01996, 315.419], [0.01995, 3.81]], "asks": [[0.02001, 42.8312], [0.02002, 27.306], [0.02003, 283.8], [0.02004, 72.3], [0.02005, 93.24]], "ts": 1575476725647}
{"bids": [[0.01999, 4.0], [0.01998, 5.40469], [0.01996, 315.419], [0.01995, 3.81]], "asks": [[0.02001, 42.8312], [0.02002, 27.306], [0.02003, 283.8], [0.02004, 72.3], [0.02005, 93.24]], "ts": 1575476725663}
{"bids": [[0.01999, 4.0], [0.01998, 5.40469], [0.01997, 140.0], [0.01996, 315.419], [0.01995, 3.81]], "asks": [[0.02001, 42.8312], [0.02002, 27.306], [0.02003, 283.8], [0.02004, 72.3], [0.02005, 93.24]], "ts": 1575476725676}
{"bids": [[0.01999, 4.0], [0.01998, 5.40469], [0.01997, 140.0], [0.01996, 315.419], [0.01995, 3.81]], "asks": [[0.02001, 182.8312], [0.02002, 27.306], [0.02003, 283.8], [0.02004, 72.3], [0.02005, 93.24]], "ts": 1575476725694}
{"bids": [[0.01999, 4.0], [0.01998, 10.80469], [0.01997, 140.0], [0.01996, 315.419], [0.01995, 3.81]], "asks": [[0.02001, 182.8312], [0.02002, 27.306], [0.02003, 283.8], [0.02004, 72.3], [0.02005, 93.24]], "ts": 1575476725709}
{"bids": [[0.01999, 4.0], [0.01998, 10.80469], [0.01996, 315.419], [0.01995, 3.81]], "asks": [[0.02001, 182.8312], [0.02002, 27.306], [0.02003, 283.8], [0.02004, 72.3], [0.02005, 93.24]], "ts": 1575476726963}
{"bids": [[0.01999, 4.0], [0.01998, 10.80469], [0.01996, 315.419], [0.01995, 3.81]], "asks": [[0.02001, 42.8312], [0.02002, 27.306], [0.02003, 283.8], [0.02004, 72.3], [0.02005, 93.24]], "ts": 1575476726977}
{"bids": [[0.01999, 4.0], [0.01998, 5.40469], [0.01996, 315.419], [0.01995, 3.81]], "asks": [[0.02001, 42.8312], [0.02002, 27.306], [0.02003, 283.8], [0.02004, 72.3], [0.02005, 93.24]], "ts": 1575476726988}
{"bids": [[0.01999, 4.0], [0.01998, 145.40469], [0.01996, 315.419], [0.01995, 3.81]], "asks": [[0.02001, 42.8312], [0.02002, 27.306], [0.02003, 283.8], [0.02004, 72.3], [0.02005, 93.24]], "ts": 1575476727002}
{"bids": [[0.01999, 4.0], [0.01998, 145.40469], [0.01996, 315.419], [0.01995, 3.81]], "asks": [[0.02001, 42.8312], [0.02002, 167.306], [0.02003, 283.8], [0.02004, 72.3], [0.02005, 93.24]], "ts": 1575476727017}
{"bids": [[0.01999, 9.4], [0.01998, 145.40469], [0.01996, 315.419], [0.01995, 3.81]], "asks": [[0.02001, 42.8312], [0.02002, 167.306], [0.02003, 283.8], [0.02004, 72.3], [0.02005, 93.24]], "ts": 1575476727034}
{"bids": [[0.01999, 9.4], [0.01998, 145.40469], [0.01996, 315.419], [0.01995, 3.81]], "asks": [[0.02001, 42.8312], [0.02002, 167.306], [0.02003, 3.8], [0.02004, 72.3], [0.02005, 93.24]], "ts": 1575476727067}
{"bids": [[0.01999, 9.4], [0.01998, 145.40469], [0.01996, 315.419], [0.01995, 3.81]], "asks": [[0.02001, 42.8312], [0.02002, 167.306], [0.02003, 3.8], [0.02004, 352.3], [0.02005, 93.24]], "ts": 1575476727077}
{"bids": [[0.01999, 9.4], [0.01998, 145.40469], [0.01996, 315.419], [0.01995, 3.81]], "asks": [[0.02001, 42.8312], [0.02002, 167.306], [0.02003, 3.8], [0.02004, 352.3], [0.02005, 93.24]], "ts": 1575476728825}
{"bids": [[0.01999, 9.4], [0.01998, 145.40469], [0.01996, 315.419], [0.01995, 3.81], [0.01989, 4.004475]], "asks": [[0.02001, 42.8312], [0.02002, 167.306], [0.02003, 3.8], [0.02004, 352.3], [0.02005, 93.24]], "ts": 1575476729114}
